data-product-id,data-product-name,data-product-type,data-product-on-offer,data-product-index,image-url,product-page,product-name,product-size,item-price,price-per-unit,offer-description,category
525635,Organix Raspberry & Apple Soft Oaty Bars,G,false,1,https://ecom-su-static-prod.wtrecom.com/images/products/3/LN_525635_BP_3.jpg,https://www.waitrose.com/ecom/products/organix-raspberry-apple-soft-oaty-bars/525635-812878-812879,Organix Raspberry & Apple Soft Oaty Bars,6x23g,£3.15,£2.29/100g,,"Baby, Child & Parent"
557746,Organix Carrot Cake Oaty Bars,G,false,2,https://ecom-su-static-prod.wtrecom.com/images/products/3/LN_557746_BP_3.jpg,https://www.waitrose.com/ecom/products/organix-carrot-cake-oaty-bars/557746-812892-812893,Organix Carrot Cake Oaty Bars,6x23g,£3.15,£2.29/100g,,"Baby, Child & Parent"
032062,Aptamil 2 Follow On Milk,G,false,394,https://ecom-su-static-prod.wtrecom.com/images/products/3/LN_032062_BP_3.jpg,https://www.waitrose.com/ecom/products/aptamil-2-follow-on-milk/032062-15633-15634,Aptamil 2 Follow On Milk,800g,£13.50,£16.88/kg,,"Baby, Child & Parent"
767801,Essential Baby Wipes,G,false,4,https://ecom-su-static-prod.wtrecom.com/images/products/3/LN_767801_BP_3.jpg,https://www.waitrose.com/ecom/products/essential-baby-wipes/767801-156319-156320,Essential Baby Wipes,80s,95p,1.2p each,,"Baby, Child & Parent"
514054,Organix Apple Rice Cakes,G,false,5,https://ecom-su-static-prod.wtrecom.com/images/products/3/LN_514054_BP_3.jpg,https://www.waitrose.com/ecom/products/organix-apple-rice-cakes/514054-791495-791496,Organix Apple Rice Cakes,40g,£1.60,£4/100g,,"Baby, Child & Parent"
671670,Pampers Baby Wipes,G,true,6,https://ecom-su-static-prod.wtrecom.com/images/products/3/LN_671670_BP_3.jpg,https://www.waitrose.com/ecom/products/pampers-baby-wipes/671670-346604-346605,Pampers Baby Wipes,52s,£1.50,2.9p each,Add 2 for £2,"Baby, Child & Parent"
844281,Kendamil First Infant Milk Ready To Feed,G,false,7,https://ecom-su-static-prod.wtrecom.com/images/products/3/LN_844281_BP_3.jpg,https://www.waitrose.com/ecom/products/kendamil-first-infant-milk-ready-to-feed/844281-791631-791632,Kendamil First Infant Milk Ready To Feed,250ml,£1.20,48p/100ml,,"Baby, Child & Parent"
847776,Ella's Kitchen Puree Prunes,G,true,8,https://ecom-su-static-prod.wtrecom.com/images/products/3/LN_847776_BP_3.jpg,https://www.waitrose.com/ecom/products/ellas-kitchen-puree-prunes/847776-346982-346983,Ella's Kitchen Puree Prunes,70g,£1.00,£1.43/100g,Add 5 for £4.50,"Baby, Child & Parent"
575652,Waterwipes Biodegradable,G,true,9,https://ecom-su-static-prod.wtrecom.com/images/products/3/LN_575652_BP_3.jpg,https://www.waitrose.com/ecom/products/waterwipes-biodegradable/575652-747458-747459,Waterwipes Biodegradable,60s,£2.50,4.2p each,save 60p. Was £3.10,"Baby, Child & Parent"
704723,Waitrose Mini Nappy Sacks,G,false,10,https://ecom-su-static-prod.wtrecom.com/images/products/3/LN_704723_BP_3.jpg,https://www.waitrose.com/ecom/products/waitrose-mini-nappy-sacks/704723-592427-592428,Waitrose Mini Nappy Sacks,75s,£1.00,1.3p each,,"Baby, Child & Parent"
806931,Organix Summer Fruits Rice Cakes,G,false,11,https://ecom-su-static-prod.wtrecom.com/images/products/3/LN_806931_BP_3.jpg,https://www.waitrose.com/ecom/products/organix-summer-fruits-rice-cakes/806931-791599-791600,Organix Summer Fruits Rice Cakes,40g,£1.60,£4/100g,,"Baby, Child & Parent"
443848,Waitrose Mini Baby Wipes Fragrance Free,G,false,12,https://ecom-su-static-prod.wtrecom.com/images/products/3/LN_443848_BP_3.jpg,https://www.waitrose.com/ecom/products/waitrose-mini-baby-wipes-fragrance-free/443848-583292-583293,Waitrose Mini Baby Wipes Fragrance Free,64s,£1.00,1.6p each,,"Baby, Child & Parent"
461239,Johnson's Cotton Buds,G,false,13,https://ecom-su-static-prod.wtrecom.com/images/products/3/LN_461239_BP_3.jpg,https://www.waitrose.com/ecom/products/johnsons-cotton-buds/461239-526646-526647,Johnson's Cotton Buds,200s,£1.30,0.7p each,,"Baby, Child & Parent"
468938,Pampers Aqua Harmonie Baby Wipes,G,false,14,https://ecom-su-static-prod.wtrecom.com/images/products/3/LN_468938_BP_3.jpg,https://www.waitrose.com/ecom/products/pampers-aqua-harmonie-baby-wipes/468938-791473-791474,Pampers Aqua Harmonie Baby Wipes,48s,£2.65,5.5p each,,"Baby, Child & Parent"
077823,Pampers Fresh Clean Baby Wipes,G,false,15,https://ecom-su-static-prod.wtrecom.com/images/products/3/LN_077823_BP_3.jpg,https://www.waitrose.com/ecom/products/pampers-fresh-clean-baby-wipes/077823-39582-39583,Pampers Fresh Clean Baby Wipes,52s,£1.50,2.9p each,,"Baby, Child & Parent"
420613,Ella's Kitchen Strawberry Yoghurt,G,false,16,https://ecom-su-static-prod.wtrecom.com/images/products/3/LN_420613_BP_3.jpg,https://www.waitrose.com/ecom/products/ellas-kitchen-strawberry-yoghurt/420613-655221-655222,Ella's Kitchen Strawberry Yoghurt,90g,£1.30,£1.45/100g,,"Baby, Child & Parent"
025234,Little Dish Classic Fish Pie,G,false,17,https://ecom-su-static-prod.wtrecom.com/images/products/3/LN_025234_BP_3.jpg,https://www.waitrose.com/ecom/products/little-dish-classic-fish-pie/025234-12262-12263,Little Dish Classic Fish Pie,200g,£3.00,£1.50/100g,,"Baby, Child & Parent"
551725,Ella's Kitchen Puree Pears,G,true,18,https://ecom-su-static-prod.wtrecom.com/images/products/3/LN_551725_BP_3.jpg,https://www.waitrose.com/ecom/products/ellas-kitchen-puree-pears/551725-136367-136368,Ella's Kitchen Puree Pears,70g,£1.00,£1.43/100g,Add 5 for £4.50,"Baby, Child & Parent"
533572,Ella's Kitchen Puree Apples,G,true,19,https://ecom-su-static-prod.wtrecom.com/images/products/3/LN_533572_BP_3.jpg,https://www.waitrose.com/ecom/products/ellas-kitchen-puree-apples/533572-136353-136354,Ella's Kitchen Puree Apples,70g,£1.00,£1.43/100g,Add 5 for £4.50,"Baby, Child & Parent"
809986,Kiddylicious 4 Veggie Straws,G,false,20,https://ecom-su-static-prod.wtrecom.com/images/products/3/LN_809986_BP_3.jpg,https://www.waitrose.com/ecom/products/kiddylicious-4-veggie-straws/809986-690512-690513,Kiddylicious 4 Veggie Straws,48g,£2.80,£58.34/kg,,"Baby, Child & Parent"
656204,Ella's Kitchen Puree Mangoes,G,true,21,https://ecom-su-static-prod.wtrecom.com/images/products/3/LN_656204_BP_3.jpg,https://www.waitrose.com/ecom/products/ellas-kitchen-puree-mangoes/656204-136427-136428,Ella's Kitchen Puree Mangoes,70g,£1.00,£1.43/100g,Add 5 for £4.50,"Baby, Child & Parent"
844554,Little Yeos Cherry & Banana and Peach & Mango Organic Yogurts,G,false,22,https://ecom-su-static-prod.wtrecom.com/images/products/3/LN_844554_BP_3.jpg,https://www.waitrose.com/ecom/products/little-yeos-cherry-banana-and-peach-mango-organic-yogurts/844554-822531-822532,Little Yeos Cherry & Banana and Peach & Mango Organic Yogurts,6x42g,£2.25,89.3p/100g,,"Baby, Child & Parent"
738066,Organix Mini Raisins Fruit Snack Boxes,G,true,23,https://ecom-su-static-prod.wtrecom.com/images/products/3/LN_738066_BP_3.jpg,https://www.waitrose.com/ecom/products/organix-mini-raisins-fruit-snack-boxes/738066-489827-489828,Organix Mini Raisins Fruit Snack Boxes,168g,£2.95,£1.76/100g,Add 2 for £5,"Baby, Child & Parent"
487030,Ella's Kitchen Strawberries & Apple,G,false,24,https://ecom-su-static-prod.wtrecom.com/images/products/3/LN_487030_BP_3.jpg,https://www.waitrose.com/ecom/products/ellas-kitchen-strawberries-apple/487030-68799-68800,Ella's Kitchen Strawberries & Apple,120g,£1.35,£1.13/100g,,"Baby, Child & Parent"
442282,Waterwipes Biodegradable,G,false,25,https://ecom-su-static-prod.wtrecom.com/images/products/3/LN_442282_BP_3.jpg,https://www.waitrose.com/ecom/products/waterwipes-biodegradable/442282-747364-747365,Waterwipes Biodegradable,4x60 sheets,£11.50,£4.80/100 sheets,,"Baby, Child & Parent"
004194,Little Dish Pasta Bolognese,G,false,26,https://ecom-su-static-prod.wtrecom.com/images/products/3/LN_004194_BP_3.jpg,https://www.waitrose.com/ecom/products/little-dish-pasta-bolognese/004194-1713-1714,Little Dish Pasta Bolognese,200g,£3.00,£1.50/100g,,"Baby, Child & Parent"
483259,Little Dish Mac & Cheese,G,false,27,https://ecom-su-static-prod.wtrecom.com/images/products/3/LN_483259_BP_3.jpg,https://www.waitrose.com/ecom/products/little-dish-mac-cheese/483259-810903-810904,Little Dish Mac & Cheese,200g,£3.00,£1.50/100g,,"Baby, Child & Parent"
844035,Little Yeos Blueberry & Banana Yogurt Pouch,G,true,28,https://ecom-su-static-prod.wtrecom.com/images/products/3/LN_844035_BP_3.jpg,https://www.waitrose.com/ecom/products/little-yeos-blueberry-banana-yogurt-pouch/844035-822529-822530,Little Yeos Blueberry & Banana Yogurt Pouch,85g,60p,70.6p/100g,save 30p. Was 90p,"Baby, Child & Parent"
029315,Waitrose Mini Baby Large Cleansing Pads,G,false,29,https://ecom-su-static-prod.wtrecom.com/images/products/3/LN_029315_BP_3.jpg,https://www.waitrose.com/ecom/products/waitrose-mini-baby-large-cleansing-pads/029315-14311-14312,Waitrose Mini Baby Large Cleansing Pads,100s,£3.70,3.7p each,,"Baby, Child & Parent"
004553,Organix Melty Baby Carrot Puffs,G,false,30,https://ecom-su-static-prod.wtrecom.com/images/products/3/LN_004553_BP_3.jpg,https://www.waitrose.com/ecom/products/organix-melty-baby-carrot-puffs/004553-1931-1932,Organix Melty Baby Carrot Puffs,20g,85p,£4.25/100g,,"Baby, Child & Parent"
824266,Ella's Kitchen Tomato & Basil Melty Sticks,G,false,31,https://ecom-su-static-prod.wtrecom.com/images/products/3/LN_824266_BP_3.jpg,https://www.waitrose.com/ecom/products/ellas-kitchen-tomato-basil-melty-sticks/824266-656124-656125,Ella's Kitchen Tomato & Basil Melty Sticks,16g,£1.35,£8.44/100g,,"Baby, Child & Parent"
759578,Pampers Sensitive Baby Wipes,G,false,32,https://ecom-su-static-prod.wtrecom.com/images/products/3/LN_759578_BP_3.jpg,https://www.waitrose.com/ecom/products/pampers-sensitive-baby-wipes/759578-791587-791588,Pampers Sensitive Baby Wipes,208s,£5.00,2.4p each,,"Baby, Child & Parent"
665816,Goodies Mini Cheese Crackers Snacks,G,false,33,https://ecom-su-static-prod.wtrecom.com/images/products/3/LN_665816_BP_3.jpg,https://www.waitrose.com/ecom/products/goodies-mini-cheese-crackers-snacks/665816-174601-174602,Goodies Mini Cheese Crackers Snacks,4x20g,£2.60,£3.25/100g,,"Baby, Child & Parent"
699158,Organix Jammie Monsters Biscuits,G,true,34,https://ecom-su-static-prod.wtrecom.com/images/products/3/LN_699158_BP_3.jpg,https://www.waitrose.com/ecom/products/organix-jammie-monsters-biscuits/699158-690350-690351,Organix Jammie Monsters Biscuits,64g,£2.95,£4.61/100g,Add 2 for £5,"Baby, Child & Parent"
508625,Ella's Kitchen Peaches & Bananas,G,false,35,https://ecom-su-static-prod.wtrecom.com/images/products/3/LN_508625_BP_3.jpg,https://www.waitrose.com/ecom/products/ellas-kitchen-peaches-bananas/508625-71861-71862,Ella's Kitchen Peaches & Bananas,120g,£1.35,£1.13/100g,,"Baby, Child & Parent"
517325,HiPP First Infant Milk,G,false,36,https://ecom-su-static-prod.wtrecom.com/images/products/3/LN_517325_BP_3.jpg,https://www.waitrose.com/ecom/products/hipp-first-infant-milk/517325-73141-73142,HiPP First Infant Milk,200ml,£1.10,£5.50/litre,,"Baby, Child & Parent"
756513,Ella's Kitchen Blueberries Apples + Bananas,G,false,37,https://ecom-su-static-prod.wtrecom.com/images/products/3/LN_756513_BP_3.jpg,https://www.waitrose.com/ecom/products/ellas-kitchen-blueberries-apples-bananas/756513-655941-655942,Ella's Kitchen Blueberries Apples + Bananas,120g,£1.35,£1.13/100g,,"Baby, Child & Parent"
018436,Ella's Kitchen The Red One Squished Fruits,G,true,38,https://ecom-su-static-prod.wtrecom.com/images/products/3/LN_018436_BP_3.jpg,https://www.waitrose.com/ecom/products/ellas-kitchen-the-red-one-squished-fruits/018436-8919-8920,Ella's Kitchen The Red One Squished Fruits,5x90g,£4.10,91.1p/100g,Add 2 for £6.50,"Baby, Child & Parent"
025511,Waitrose Mini Baby Cotton Wool Balls,G,false,39,https://ecom-su-static-prod.wtrecom.com/images/products/3/LN_025511_BP_3.jpg,https://www.waitrose.com/ecom/products/waitrose-mini-baby-cotton-wool-balls/025511-12428-12429,Waitrose Mini Baby Cotton Wool Balls,80s,£1.05,1.3p each,,"Baby, Child & Parent"
011094,Organix Melty Sweetcorn Rings,G,false,40,https://ecom-su-static-prod.wtrecom.com/images/products/3/LN_011094_BP_3.jpg,https://www.waitrose.com/ecom/products/organix-melty-sweetcorn-rings/011094-5510-5511,Organix Melty Sweetcorn Rings,20g,85p,£4.25/100g,,"Baby, Child & Parent"
079877,Ella's Kitchen Bananas & Apples,G,false,41,https://ecom-su-static-prod.wtrecom.com/images/products/3/LN_079877_BP_3.jpg,https://www.waitrose.com/ecom/products/ellas-kitchen-bananas-apples/079877-40633-40634,Ella's Kitchen Bananas & Apples,120g,£1.35,£1.13/100g,,"Baby, Child & Parent"
007107,Aptamil 3 Toddler Milk Ready To Drink,G,true,42,https://ecom-su-static-prod.wtrecom.com/images/products/3/LN_007107_BP_3.jpg,https://www.waitrose.com/ecom/products/aptamil-3-toddler-milk-ready-to-drink/007107-3241-3242,Aptamil 3 Toddler Milk Ready To Drink,200ml,£1.10,£5.50/litre,Add 3 for £2.50,"Baby, Child & Parent"
609096,Ella's Kitchen Berry Yoghurt,G,false,43,https://ecom-su-static-prod.wtrecom.com/images/products/3/LN_609096_BP_3.jpg,https://www.waitrose.com/ecom/products/ellas-kitchen-berry-yoghurt/609096-346504-346505,Ella's Kitchen Berry Yoghurt,90g,£1.30,£1.45/100g,,"Baby, Child & Parent"
425342,Little Yeos Mango & Vanilla Yogurt Pouch,G,true,44,https://ecom-su-static-prod.wtrecom.com/images/products/3/LN_425342_BP_3.jpg,https://www.waitrose.com/ecom/products/little-yeos-mango-vanilla-yogurt-pouch/425342-822483-822484,Little Yeos Mango & Vanilla Yogurt Pouch,85g,60p,70.6p/100g,save 30p. Was 90p,"Baby, Child & Parent"
852542,Waitrose Mini Baby Wipes Fragranced,G,false,45,https://ecom-su-static-prod.wtrecom.com/images/products/3/LN_852542_BP_3.jpg,https://www.waitrose.com/ecom/products/waitrose-mini-baby-wipes-fragranced/852542-584196-584197,Waitrose Mini Baby Wipes Fragranced,64s,£1.00,1.6p each,,"Baby, Child & Parent"
728355,Ella's Kitchen Mangoes Pears + Papayas,G,false,46,https://ecom-su-static-prod.wtrecom.com/images/products/3/LN_728355_BP_3.jpg,https://www.waitrose.com/ecom/products/ellas-kitchen-mangoes-pears-papayas/728355-268184-268185,Ella's Kitchen Mangoes Pears + Papayas,120g,£1.35,£1.13/100g,,"Baby, Child & Parent"
440034,Aptamil 1 First Infant Milk Ready To Feed,G,false,47,https://ecom-su-static-prod.wtrecom.com/images/products/3/LN_440034_BP_3.jpg,https://www.waitrose.com/ecom/products/aptamil-1-first-infant-milk-ready-to-feed/440034-509182-509183,Aptamil 1 First Infant Milk Ready To Feed,4x200ml,£4.50,56.3p/100ml,,"Baby, Child & Parent"
059547,Milton Sterilising Fluid,G,false,48,https://ecom-su-static-prod.wtrecom.com/images/products/3/LN_059547_BP_3.jpg,https://www.waitrose.com/ecom/products/milton-sterilising-fluid/059547-30022-30023,Milton Sterilising Fluid,500ml,£3.50,70p/100ml,,"Baby, Child & Parent"
047328,Ella's Kitchen Carrots Apples + Parsnips,G,false,49,https://ecom-su-static-prod.wtrecom.com/images/products/3/LN_047328_BP_3.jpg,https://www.waitrose.com/ecom/products/ellas-kitchen-carrots-apples-parsnips/047328-23362-23363,Ella's Kitchen Carrots Apples + Parsnips,120g,£1.35,£1.13/100g,,"Baby, Child & Parent"
470350,Organix Oat & Raisin Flapjack Bites,G,true,50,https://ecom-su-static-prod.wtrecom.com/images/products/3/LN_470350_BP_3.jpg,https://www.waitrose.com/ecom/products/organix-oat-raisin-flapjack-bites/470350-812858-812859,Organix Oat & Raisin Flapjack Bites,4x20g,£2.95,£3.69/100g,Add 2 for £5,"Baby, Child & Parent"
621160,Ella's Kitchen Bananas & Coconuts,G,false,51,https://ecom-su-static-prod.wtrecom.com/images/products/3/LN_621160_BP_3.jpg,https://www.waitrose.com/ecom/products/ellas-kitchen-bananas-coconuts/621160-791531-791532,Ella's Kitchen Bananas & Coconuts,120g,£1.35,£1.13/100g,,"Baby, Child & Parent"
052231,Organix Gingerbread Men Toddler Snacks,G,false,52,https://ecom-su-static-prod.wtrecom.com/images/products/3/LN_052231_BP_3.jpg,https://www.waitrose.com/ecom/products/organix-gingerbread-men-toddler-snacks/052231-26033-26034,Organix Gingerbread Men Toddler Snacks,135g,£2.65,£1.97/100g,,"Baby, Child & Parent"
490440,Organix Blackcurrant Soft Oaty Bars,G,false,53,https://ecom-su-static-prod.wtrecom.com/images/products/3/LN_490440_BP_3.jpg,https://www.waitrose.com/ecom/products/organix-blackcurrant-soft-oaty-bars/490440-812862-812863,Organix Blackcurrant Soft Oaty Bars,6x23g,£3.15,£2.29/100g,,"Baby, Child & Parent"
417429,Kiddylicious Veggie Straws,G,true,54,https://ecom-su-static-prod.wtrecom.com/images/products/3/LN_417429_BP_3.jpg,https://www.waitrose.com/ecom/products/kiddylicious-veggie-straws/417429-583226-583227,Kiddylicious Veggie Straws,12g,60p,£5/100g,save 35p. Was 95p,"Baby, Child & Parent"
011184,Waitrose Mini Baby Cotton Buds,G,false,55,https://ecom-su-static-prod.wtrecom.com/images/products/3/LN_011184_BP_3.jpg,https://www.waitrose.com/ecom/products/waitrose-mini-baby-cotton-buds/011184-5562-5563,Waitrose Mini Baby Cotton Buds,200s,75p,0.4p each,,"Baby, Child & Parent"
825393,Sanex Biome Protect Kids Bath Foam,G,false,56,https://ecom-su-static-prod.wtrecom.com/images/products/3/LN_825393_BP_3.jpg,https://www.waitrose.com/ecom/products/sanex-biome-protect-kids-bath-foam/825393-762170-762171,Sanex Biome Protect Kids Bath Foam,450ml,£3.15,70p/100ml,,"Baby, Child & Parent"
075024,Waitrose Mini Cotton Wool Pleat,G,false,57,https://ecom-su-static-prod.wtrecom.com/images/products/3/LN_075024_BP_3.jpg,https://www.waitrose.com/ecom/products/waitrose-mini-cotton-wool-pleat/075024-38044-38045,Waitrose Mini Cotton Wool Pleat,200g,£1.40,70p/100g,,"Baby, Child & Parent"
818408,Pampers Baby-Dry Pants Size 6 14-19kg,G,false,58,https://ecom-su-static-prod.wtrecom.com/images/products/3/LN_818408_BP_3.jpg,https://www.waitrose.com/ecom/products/pampers-baby-dry-pants-size-6-14-19kg/818408-528056-528057,Pampers Baby-Dry Pants Size 6 14-19kg,28s,£12.00,42.9p each,,"Baby, Child & Parent"
731726,Organix Apple & Date Fruit Snack Bars,G,true,59,https://ecom-su-static-prod.wtrecom.com/images/products/3/LN_731726_BP_3.jpg,https://www.waitrose.com/ecom/products/organix-apple-date-fruit-snack-bars/731726-402541-402542,Organix Apple & Date Fruit Snack Bars,6x17g,£3.15,£3.09/100g,Add 2 for £5,"Baby, Child & Parent"
872173,Ella's Kitchen Apple Cheese Melty Sticks,G,false,60,https://ecom-su-static-prod.wtrecom.com/images/products/3/LN_872173_BP_3.jpg,https://www.waitrose.com/ecom/products/ellas-kitchen-apple-cheese-melty-sticks/872173-690688-690689,Ella's Kitchen Apple Cheese Melty Sticks,16g,£1.35,£84.38/kg,,"Baby, Child & Parent"
467303,Kiddylicious Fruity Bakes Strawberry,G,false,61,https://ecom-su-static-prod.wtrecom.com/images/products/3/LN_467303_BP_3.jpg,https://www.waitrose.com/ecom/products/kiddylicious-fruity-bakes-strawberry/467303-690044-690045,Kiddylicious Fruity Bakes Strawberry,132g,£2.80,£21.22/kg,,"Baby, Child & Parent"
079420,Ella's Kitchen Pears Peas & Broccoli,G,false,62,https://ecom-su-static-prod.wtrecom.com/images/products/3/LN_079420_BP_3.jpg,https://www.waitrose.com/ecom/products/ellas-kitchen-pears-peas-broccoli/079420-40423-40424,Ella's Kitchen Pears Peas & Broccoli,120g,£1.35,£1.13/100g,,"Baby, Child & Parent"
020856,Nature Babycare Eco Disposal Bags,G,false,63,https://ecom-su-static-prod.wtrecom.com/images/products/3/LN_020856_BP_3.jpg,https://www.waitrose.com/ecom/products/nature-babycare-eco-disposal-bags/020856-10139-10140,Nature Babycare Eco Disposal Bags,50s,£2.50,5p each,,"Baby, Child & Parent"
838840,Organix Banana & Date Fruit Snack Bar,G,true,64,https://ecom-su-static-prod.wtrecom.com/images/products/3/LN_838840_BP_3.jpg,https://www.waitrose.com/ecom/products/organix-banana-date-fruit-snack-bar/838840-403481-403482,Organix Banana & Date Fruit Snack Bar,6x17g,£3.15,£3.09/100g,Add 2 for £5,"Baby, Child & Parent"
535125,Sudocrem Antiseptic Healing Cream,G,false,65,https://ecom-su-static-prod.wtrecom.com/images/products/3/LN_535125_BP_3.jpg,https://www.waitrose.com/ecom/products/sudocrem-antiseptic-healing-cream/535125-75659-75660,Sudocrem Antiseptic Healing Cream,125g,£5.50,£4.40/100g,,"Baby, Child & Parent"
092091,Johnson's Baby Shampoo,G,true,66,https://ecom-su-static-prod.wtrecom.com/images/products/3/LN_092091_BP_3.jpg,https://www.waitrose.com/ecom/products/johnsons-baby-shampoo/092091-47400-47401,Johnson's Baby Shampoo,500ml,£2.36,47.2p/100ml,25% Off. Was £3.15,"Baby, Child & Parent"
428214,HiPP Combiotic 2 Follow on Milk 6+M,G,false,67,https://ecom-su-static-prod.wtrecom.com/images/products/3/LN_428214_BP_3.jpg,https://www.waitrose.com/ecom/products/hipp-combiotic-2-follow-on-milk-6m/428214-743650-743651,HiPP Combiotic 2 Follow on Milk 6+M,200ml,£1.15,57.5p/100ml,,"Baby, Child & Parent"
478350,Pampers Baby-Dry Pants Size 5,G,false,68,https://ecom-su-static-prod.wtrecom.com/images/products/3/LN_478350_BP_3.jpg,https://www.waitrose.com/ecom/products/pampers-baby-dry-pants-size-5/478350-526716-526717,Pampers Baby-Dry Pants Size 5,33s,£12.00,36.4p each,,"Baby, Child & Parent"
618505,Kendamil Follow On Milk Ready to Feed,G,false,69,https://ecom-su-static-prod.wtrecom.com/images/products/3/LN_618505_BP_3.jpg,https://www.waitrose.com/ecom/products/kendamil-follow-on-milk-ready-to-feed/618505-826132-826133,Kendamil Follow On Milk Ready to Feed,250ml,£1.35,54p/100ml,,"Baby, Child & Parent"
519157,Pampers Baby-Dry Size 4 9-14kg,G,true,70,https://ecom-su-static-prod.wtrecom.com/images/products/3/LN_519157_BP_3.jpg,https://www.waitrose.com/ecom/products/pampers-baby-dry-size-4-9-14kg/519157-288395-288396,Pampers Baby-Dry Size 4 9-14kg,44s,£6.50,14.8p each,save £5.50. Was £12.00,"Baby, Child & Parent"
896801,Organix Apple & Orange Oaty Bars,G,false,71,https://ecom-su-static-prod.wtrecom.com/images/products/3/LN_896801_BP_3.jpg,https://www.waitrose.com/ecom/products/organix-apple-orange-oaty-bars/896801-813048-813049,Organix Apple & Orange Oaty Bars,6x23g,£3.15,£2.29/100g,,"Baby, Child & Parent"
608060,Kendamil First Infant Milk Ready to Feed Starter Pack,G,false,72,https://ecom-su-static-prod.wtrecom.com/images/products/3/LN_608060_BP_3.jpg,https://www.waitrose.com/ecom/products/kendamil-first-infant-milk-ready-to-feed-starter-pack/608060-779407-779408,Kendamil First Infant Milk Ready to Feed Starter Pack,6x70ml,£7.95,£1.90/100ml,,"Baby, Child & Parent"
861030,Kiddylicious Cheesy Veggie Straws,G,false,73,https://ecom-su-static-prod.wtrecom.com/images/products/3/LN_861030_BP_3.jpg,https://www.waitrose.com/ecom/products/kiddylicious-cheesy-veggie-straws/861030-718827-718828,Kiddylicious Cheesy Veggie Straws,4s,£2.80,£5.84/100g,,"Baby, Child & Parent"
467503,Organix Gruffalo Cocoa & Vanilla Biscuits,G,true,74,https://ecom-su-static-prod.wtrecom.com/images/products/3/LN_467503_BP_3.jpg,https://www.waitrose.com/ecom/products/organix-gruffalo-cocoa-vanilla-biscuits/467503-826100-826101,Organix Gruffalo Cocoa & Vanilla Biscuits,5x20g,£2.80,£2.80/100g,Add 2 for £5,"Baby, Child & Parent"
755263,Organix Apple Rice Cakes,G,false,75,https://ecom-su-static-prod.wtrecom.com/images/products/3/LN_755263_BP_3.jpg,https://www.waitrose.com/ecom/products/organix-apple-rice-cakes/755263-791585-791586,Organix Apple Rice Cakes,4x18g,£3.15,£4.38/100g,,"Baby, Child & Parent"
464643,Kiddylicious Banana Soft Biscotti,G,false,76,https://ecom-su-static-prod.wtrecom.com/images/products/3/LN_464643_BP_3.jpg,https://www.waitrose.com/ecom/products/kiddylicious-banana-soft-biscotti/464643-690038-690039,Kiddylicious Banana Soft Biscotti,120g,£2.80,£23.34/kg,,"Baby, Child & Parent"
544809,Ella's Kitchen Chicken Mash,G,true,77,https://ecom-su-static-prod.wtrecom.com/images/products/3/LN_544809_BP_3.jpg,https://www.waitrose.com/ecom/products/ellas-kitchen-chicken-mash/544809-134541-134542,Ella's Kitchen Chicken Mash,130g,£1.80,£1.39/100g,Add 5 for £7,"Baby, Child & Parent"
500841,HiPP 3 Growing Up Milk 1+,G,false,78,https://ecom-su-static-prod.wtrecom.com/images/products/3/LN_500841_BP_3.jpg,https://www.waitrose.com/ecom/products/hipp-3-growing-up-milk-1/500841-743738-743739,HiPP 3 Growing Up Milk 1+,200ml,£1.15,57.5p/100ml,,"Baby, Child & Parent"
388108,Pampers Baby-Dry Size 5 11-16kg,G,true,79,https://ecom-su-static-prod.wtrecom.com/images/products/3/LN_388108_BP_3.jpg,https://www.waitrose.com/ecom/products/pampers-baby-dry-size-5-11-16kg/388108-288319-288320,Pampers Baby-Dry Size 5 11-16kg,39s,£6.50,16.7p each,save £5.50. Was £12.00,"Baby, Child & Parent"
853672,Kiddylicious Raspberry Tiddlers,G,true,80,https://ecom-su-static-prod.wtrecom.com/images/products/3/LN_853672_BP_3.jpg,https://www.waitrose.com/ecom/products/kiddylicious-raspberry-tiddlers/853672-744085-744086,Kiddylicious Raspberry Tiddlers,4x12g,£2.20,£4.59/100g,save 45p. Was £2.65,"Baby, Child & Parent"
052813,Organix Farm Animal Toddler Biscuits,G,false,81,https://ecom-su-static-prod.wtrecom.com/images/products/3/LN_052813_BP_3.jpg,https://www.waitrose.com/ecom/products/organix-farm-animal-toddler-biscuits/052813-26337-26338,Organix Farm Animal Toddler Biscuits,100g,£2.10,£2.10/100g,,"Baby, Child & Parent"
503825,Ella's Kitchen The Purple One Squished Fruits,G,true,82,https://ecom-su-static-prod.wtrecom.com/images/products/3/LN_503825_BP_3.jpg,https://www.waitrose.com/ecom/products/ellas-kitchen-the-purple-one-squished-fruits/503825-71156-71157,Ella's Kitchen The Purple One Squished Fruits,5x90g,£4.10,91.1p/100g,Add 2 for £6.50,"Baby, Child & Parent"
820441,Ella's Kitchen Organic Sweetcorn and Carrot Melty Sticks,G,false,83,https://ecom-su-static-prod.wtrecom.com/images/products/3/LN_820441_BP_3.jpg,https://www.waitrose.com/ecom/products/ellas-kitchen-organic-sweetcorn-and-carrot-melty-sticks/820441-812998-812999,Ella's Kitchen Organic Sweetcorn and Carrot Melty Sticks,16g,£1.35,84.4p/10g,,"Baby, Child & Parent"
554323,Ella's Kitchen Baby Brekkie Blueberry,G,true,84,https://ecom-su-static-prod.wtrecom.com/images/products/3/LN_554323_BP_3.jpg,https://www.waitrose.com/ecom/products/ellas-kitchen-baby-brekkie-blueberry/554323-116157-116158,Ella's Kitchen Baby Brekkie Blueberry,100g,£1.50,£1.50/100g,Add 3 for £3.75,"Baby, Child & Parent"
051087,Ella's Kitchen Sweet Potatoes Pumpkins Apples + Blueberries,G,false,85,https://ecom-su-static-prod.wtrecom.com/images/products/3/LN_051087_BP_3.jpg,https://www.waitrose.com/ecom/products/ellas-kitchen-sweet-potatoes-pumpkins-apples-blueberries/051087-25403-25404,Ella's Kitchen Sweet Potatoes Pumpkins Apples + Blueberries,120g,£1.35,£1.13/100g,,"Baby, Child & Parent"
424495,Piccolo Spring Greens,G,false,86,https://ecom-su-static-prod.wtrecom.com/images/products/3/LN_424495_BP_3.jpg,https://www.waitrose.com/ecom/products/piccolo-spring-greens/424495-494708-494709,Piccolo Spring Greens,100g,£1.45,£1.45/100g,,"Baby, Child & Parent"
796519,Organix Melty Veggie Sticks,G,false,87,https://ecom-su-static-prod.wtrecom.com/images/products/3/LN_796519_BP_3.jpg,https://www.waitrose.com/ecom/products/organix-melty-veggie-sticks/796519-743991-743992,Organix Melty Veggie Sticks,4x15g,£2.60,£4.34/100g,,"Baby, Child & Parent"
806486,Organix Strawberry & Apple Puffcorn,G,false,88,https://ecom-su-static-prod.wtrecom.com/images/products/3/LN_806486_BP_3.jpg,https://www.waitrose.com/ecom/products/organix-strawberry-apple-puffcorn/806486-805533-805534,Organix Strawberry & Apple Puffcorn,4x10g,£2.40,£6/100g,,"Baby, Child & Parent"
767066,Pampers Premium Protection Nappy Pants Size 5,G,true,89,https://ecom-su-static-prod.wtrecom.com/images/products/3/LN_767066_BP_3.jpg,https://www.waitrose.com/ecom/products/pampers-premium-protection-nappy-pants-size-5/767066-743959-743960,Pampers Premium Protection Nappy Pants Size 5,27Each,£6.50,24.1p each,save £5.50. Was £12.00,"Baby, Child & Parent"
548085,Calpol Six Plus Paracetamol Syringe,G,false,90,https://ecom-su-static-prod.wtrecom.com/images/products/3/LN_548085_BP_3.jpg,https://www.waitrose.com/ecom/products/calpol-six-plus-paracetamol-syringe/548085-77507-77508,Calpol Six Plus Paracetamol Syringe,80ml,£4.30,£5.38/100ml,,"Baby, Child & Parent"
547529,"Ella's Kitchen Squash, Sweet Potatoes + Parsnips",G,false,91,https://ecom-su-static-prod.wtrecom.com/images/products/3/LN_547529_BP_3.jpg,https://www.waitrose.com/ecom/products/ellas-kitchen-squash-sweet-potatoes-parsnips/547529-655513-655514,"Ella's Kitchen Squash, Sweet Potatoes + Parsnips",120g,£1.35,£1.13/100g,,"Baby, Child & Parent"
777056,Organix Mini Gingerbread Men,G,false,92,https://ecom-su-static-prod.wtrecom.com/images/products/3/LN_777056_BP_3.jpg,https://www.waitrose.com/ecom/products/organix-mini-gingerbread-men/777056-812972-812973,Organix Mini Gingerbread Men,5x20g,£3.00,£3/100g,,"Baby, Child & Parent"
712225,Ella's Kitchen The Green One Squished Fruits,G,true,93,https://ecom-su-static-prod.wtrecom.com/images/products/3/LN_712225_BP_3.jpg,https://www.waitrose.com/ecom/products/ellas-kitchen-the-green-one-squished-fruits/712225-101213-101214,Ella's Kitchen The Green One Squished Fruits,5x90g,£4.10,91.1p/100g,Add 2 for £6.50,"Baby, Child & Parent"
375494,Ella's Kitchen Chicken Casserole,G,false,94,https://ecom-su-static-prod.wtrecom.com/images/products/3/LN_375494_BP_3.jpg,https://www.waitrose.com/ecom/products/ellas-kitchen-chicken-casserole/375494-136255-136256,Ella's Kitchen Chicken Casserole,190g,£2.20,£1.16/100g,,"Baby, Child & Parent"
505429,Ella's Kitchen Cheesy Pie,G,true,95,https://ecom-su-static-prod.wtrecom.com/images/products/3/LN_505429_BP_3.jpg,https://www.waitrose.com/ecom/products/ellas-kitchen-cheesy-pie/505429-136327-136328,Ella's Kitchen Cheesy Pie,130g,£1.80,£1.39/100g,Add 5 for £7,"Baby, Child & Parent"
367802,Ella's Kitchen Mango Baby Brekkie,G,true,96,https://ecom-su-static-prod.wtrecom.com/images/products/3/LN_367802_BP_3.jpg,https://www.waitrose.com/ecom/products/ellas-kitchen-mango-baby-brekkie/367802-51712-51713,Ella's Kitchen Mango Baby Brekkie,100g,£1.50,£1.50/100g,Add 3 for £3.75,"Baby, Child & Parent"
786541,BEAR Paws Strawberry & Apple,G,false,97,https://ecom-su-static-prod.wtrecom.com/images/products/3/LN_786541_BP_3.jpg,https://www.waitrose.com/ecom/products/bear-paws-strawberry-apple/786541-339173-339174,BEAR Paws Strawberry & Apple,5s,£2.80,56p each,,"Baby, Child & Parent"
761145,Pampers Harmonie New Baby Wipes,G,true,98,https://ecom-su-static-prod.wtrecom.com/images/products/3/LN_761145_BP_3.jpg,https://www.waitrose.com/ecom/products/pampers-harmonie-new-baby-wipes/761145-812962-812963,Pampers Harmonie New Baby Wipes,46Each,£1.32,2.9p each,Half Price. Was £2.65,"Baby, Child & Parent"
815312,Pampers Fresh Clean Baby Wipes,G,true,99,https://ecom-su-static-prod.wtrecom.com/images/products/3/LN_815312_BP_3.jpg,https://www.waitrose.com/ecom/products/pampers-fresh-clean-baby-wipes/815312-791607-791608,Pampers Fresh Clean Baby Wipes,208s,£3.75,1.8p each,save £1.25. Was £5.00,"Baby, Child & Parent"
726250,BEAR Paws Raspberry & Blueberry,G,false,100,https://ecom-su-static-prod.wtrecom.com/images/products/3/LN_726250_BP_3.jpg,https://www.waitrose.com/ecom/products/bear-paws-raspberry-blueberry/726250-743914-743915,BEAR Paws Raspberry & Blueberry,5s,£2.80,56p each,,"Baby, Child & Parent"
628087,Johnson's Natural Baby Powder,G,true,101,https://ecom-su-static-prod.wtrecom.com/images/products/3/LN_628087_BP_3.jpg,https://www.waitrose.com/ecom/products/johnsons-natural-baby-powder/628087-812914-812915,Johnson's Natural Baby Powder,400g,£3.00,75p/100g,25% Off. Was £4.00,"Baby, Child & Parent"
817082,Pampers Premium Protection Nappy Pants Size 6,G,true,102,https://ecom-su-static-prod.wtrecom.com/images/products/3/LN_817082_BP_3.jpg,https://www.waitrose.com/ecom/products/pampers-premium-protection-nappy-pants-size-6/817082-744027-744028,Pampers Premium Protection Nappy Pants Size 6,24Each,£6.50,27.1p each,save £5.50. Was £12.00,"Baby, Child & Parent"
041538,Ella's Kitchen The Yellow One Squished Fruits,G,true,103,https://ecom-su-static-prod.wtrecom.com/images/products/3/LN_041538_BP_3.jpg,https://www.waitrose.com/ecom/products/ellas-kitchen-the-yellow-one-squished-fruits/041538-20574-20575,Ella's Kitchen The Yellow One Squished Fruits,5x90g,£4.10,91.1p/100g,Add 2 for £6.50,"Baby, Child & Parent"
666443,"Ella's Kitchen Strawberries, Rhubarb & Apples",G,false,104,https://ecom-su-static-prod.wtrecom.com/images/products/3/LN_666443_BP_3.jpg,https://www.waitrose.com/ecom/products/ellas-kitchen-strawberries-rhubarb-apples/666443-690314-690315,"Ella's Kitchen Strawberries, Rhubarb & Apples",120g,£1.35,£11.25/kg,,"Baby, Child & Parent"
513272,Aptamil 2 Follow On Milk,G,false,105,https://ecom-su-static-prod.wtrecom.com/images/products/3/LN_513272_BP_3.jpg,https://www.waitrose.com/ecom/products/aptamil-2-follow-on-milk/513272-509236-509237,Aptamil 2 Follow On Milk,4x200ml,£4.50,56.3p/100ml,,"Baby, Child & Parent"
053576,Organix Tomato & Noughts & Crosses,G,false,106,https://ecom-su-static-prod.wtrecom.com/images/products/3/LN_053576_BP_3.jpg,https://www.waitrose.com/ecom/products/organix-tomato-noughts-crosses/053576-26831-26832,Organix Tomato & Noughts & Crosses,4x15g,£2.40,£4/100g,,"Baby, Child & Parent"
651472,Pampers Premium Protection New Baby Size 3,G,true,107,https://ecom-su-static-prod.wtrecom.com/images/products/3/LN_651472_BP_3.jpg,https://www.waitrose.com/ecom/products/pampers-premium-protection-new-baby-size-3/651472-743860-743861,Pampers Premium Protection New Baby Size 3,40Each,£6.00,15p each,save £3.15. Was £9.15,"Baby, Child & Parent"
676833,Pampers Baby Dry Pants Size 7 17+kg,G,false,108,https://ecom-su-static-prod.wtrecom.com/images/products/3/LN_676833_BP_3.jpg,https://www.waitrose.com/ecom/products/pampers-baby-dry-pants-size-7-17kg/676833-721399-721400,Pampers Baby Dry Pants Size 7 17+kg,25s,£12.00,48p each,,"Baby, Child & Parent"
789398,Ella's Kitchen Spag Bol,G,true,109,https://ecom-su-static-prod.wtrecom.com/images/products/3/LN_789398_BP_3.jpg,https://www.waitrose.com/ecom/products/ellas-kitchen-spag-bol/789398-136479-136480,Ella's Kitchen Spag Bol,130g,£1.80,£1.39/100g,Add 5 for £7,"Baby, Child & Parent"
061210,Organix Cheese & Herb Corn Puffs,G,false,110,https://ecom-su-static-prod.wtrecom.com/images/products/3/LN_061210_BP_3.jpg,https://www.waitrose.com/ecom/products/organix-cheese-herb-corn-puffs/061210-30968-30969,Organix Cheese & Herb Corn Puffs,4x15g,£2.40,£4/100g,,"Baby, Child & Parent"
886949,Ella's Kitchen Vegetable + Lentil Bake,G,true,111,https://ecom-su-static-prod.wtrecom.com/images/products/3/LN_886949_BP_3.jpg,https://www.waitrose.com/ecom/products/ellas-kitchen-vegetable-lentil-bake/886949-758830-758831,Ella's Kitchen Vegetable + Lentil Bake,130g,£1.80,£1.39/100g,Add 5 for £7,"Baby, Child & Parent"
014900,Huggies DryNites Pyjama Pants Boy 4-7 yrs,G,false,112,https://ecom-su-static-prod.wtrecom.com/images/products/3/LN_014900_BP_3.jpg,https://www.waitrose.com/ecom/products/huggies-drynites-pyjama-pants-boy-4-7-yrs/014900-7140-7141,Huggies DryNites Pyjama Pants Boy 4-7 yrs,10s,£5.50,55p each,,"Baby, Child & Parent"
092811,Aquafresh Toothbrush Kids Little Teeth,G,true,113,https://ecom-su-static-prod.wtrecom.com/images/products/3/LN_092811_BP_3.jpg,https://www.waitrose.com/ecom/products/aquafresh-toothbrush-kids-little-teeth/092811-47719-47720,Aquafresh Toothbrush Kids Little Teeth,1s,£2.60,£2.60 each,Add 2 for £3.30,"Baby, Child & Parent"
526093,Huggies DryNites Bed Mats,G,false,114,https://ecom-su-static-prod.wtrecom.com/images/products/3/LN_526093_BP_3.jpg,https://www.waitrose.com/ecom/products/huggies-drynites-bed-mats/526093-74371-74372,Huggies DryNites Bed Mats,7s,£7.90,£1.13 each,,"Baby, Child & Parent"
769020,Water Wipes Biodegradable,G,false,115,https://ecom-su-static-prod.wtrecom.com/images/products/3/LN_769020_BP_3.jpg,https://www.waitrose.com/ecom/products/water-wipes-biodegradable/769020-747554-747555,Water Wipes Biodegradable,9x60 sheets,£23.00,£4.26/100 sheets,,"Baby, Child & Parent"
839265,Vaseline Original Petroleum Jelly,G,false,116,https://ecom-su-static-prod.wtrecom.com/images/products/3/LN_839265_BP_3.jpg,https://www.waitrose.com/ecom/products/vaseline-original-petroleum-jelly/839265-407750-407751,Vaseline Original Petroleum Jelly,250ml,£4.20,£1.68/100ml,,"Baby, Child & Parent"
865417,Johnson's Baby Honey Soap Duo Pack,G,false,117,https://ecom-su-static-prod.wtrecom.com/images/products/3/LN_865417_BP_3.jpg,https://www.waitrose.com/ecom/products/johnsons-baby-honey-soap-duo-pack/865417-791649-791650,Johnson's Baby Honey Soap Duo Pack,180g,£1.30,72.2p/100g,,"Baby, Child & Parent"
582490,Aveeno Baby Gentle Bath & Wash,G,false,118,https://ecom-su-static-prod.wtrecom.com/images/products/3/LN_582490_BP_3.jpg,https://www.waitrose.com/ecom/products/aveeno-baby-gentle-bath-wash/582490-779405-779406,Aveeno Baby Gentle Bath & Wash,400ml,£7.90,£19.75/litre,,"Baby, Child & Parent"
421173,Weleda Calendula Shampoo & Body Wash,G,false,119,https://ecom-su-static-prod.wtrecom.com/images/products/3/LN_421173_BP_3.jpg,https://www.waitrose.com/ecom/products/weleda-calendula-shampoo-body-wash/421173-59252-59253,Weleda Calendula Shampoo & Body Wash,200ml,£7.60,£3.80/100ml,,"Baby, Child & Parent"
753225,Pampers Premium Protection New Baby Size 2,G,true,120,https://ecom-su-static-prod.wtrecom.com/images/products/3/LN_753225_BP_3.jpg,https://www.waitrose.com/ecom/products/pampers-premium-protection-new-baby-size-2/753225-743943-743944,Pampers Premium Protection New Baby Size 2,44Each,£6.00,13.6p each,save £3.15. Was £9.15,"Baby, Child & Parent"
032148,Aptamil 1 First Infant Milk,G,false,121,https://ecom-su-static-prod.wtrecom.com/images/products/3/LN_032148_BP_3.jpg,https://www.waitrose.com/ecom/products/aptamil-1-first-infant-milk/032148-15685-15686,Aptamil 1 First Infant Milk,800g,£13.50,£16.88/kg,,"Baby, Child & Parent"
735020,Ella's Kitchen Peach Banana Melty Sticks,G,false,122,https://ecom-su-static-prod.wtrecom.com/images/products/3/LN_735020_BP_3.jpg,https://www.waitrose.com/ecom/products/ellas-kitchen-peach-banana-melty-sticks/735020-690384-690385,Ella's Kitchen Peach Banana Melty Sticks,16g,£1.35,£84.38/kg,,"Baby, Child & Parent"
598571,Ella's Kitchen Veggie Lasagne,G,true,123,https://ecom-su-static-prod.wtrecom.com/images/products/3/LN_598571_BP_3.jpg,https://www.waitrose.com/ecom/products/ellas-kitchen-veggie-lasagne/598571-454070-454071,Ella's Kitchen Veggie Lasagne,130g,£1.80,£1.39/100g,Add 5 for £7,"Baby, Child & Parent"
421861,Ella's Kitchen Chilli con Carne,G,true,124,https://ecom-su-static-prod.wtrecom.com/images/products/3/LN_421861_BP_3.jpg,https://www.waitrose.com/ecom/products/ellas-kitchen-chilli-con-carne/421861-655223-655224,Ella's Kitchen Chilli con Carne,130g,£1.80,£1.39/100g,Add 5 for £7,"Baby, Child & Parent"
877323,Pampers Baby-Dry Pants Size 8 19+ kg,G,false,125,https://ecom-su-static-prod.wtrecom.com/images/products/3/LN_877323_BP_3.jpg,https://www.waitrose.com/ecom/products/pampers-baby-dry-pants-size-8-19-kg/877323-791657-791658,Pampers Baby-Dry Pants Size 8 19+ kg,22s,£12.00,54.5p each,,"Baby, Child & Parent"
789524,Ella's Kitchen Sweet Potatoes Broccoli + Carrots,G,false,126,https://ecom-su-static-prod.wtrecom.com/images/products/3/LN_789524_BP_3.jpg,https://www.waitrose.com/ecom/products/ellas-kitchen-sweet-potatoes-broccoli-carrots/789524-116903-116904,Ella's Kitchen Sweet Potatoes Broccoli + Carrots,120g,£1.35,£1.13/100g,,"Baby, Child & Parent"
752493,Kiddylicious Mini Coconut Rolls,G,false,127,https://ecom-su-static-prod.wtrecom.com/images/products/3/LN_752493_BP_3.jpg,https://www.waitrose.com/ecom/products/kiddylicious-mini-coconut-rolls/752493-758650-758651,Kiddylicious Mini Coconut Rolls,8x6.8g,£2.65,£4.88/100g,,"Baby, Child & Parent"
473770,Ella's Kitchen Ricotta Ravioli,G,true,128,https://ecom-su-static-prod.wtrecom.com/images/products/3/LN_473770_BP_3.jpg,https://www.waitrose.com/ecom/products/ellas-kitchen-ricotta-ravioli/473770-791481-791482,Ella's Kitchen Ricotta Ravioli,130g,£1.75,£1.35/100g,Add 5 for £7,"Baby, Child & Parent"
770842,Organix Little Ruskits Vanilla,G,false,129,https://ecom-su-static-prod.wtrecom.com/images/products/3/LN_770842_BP_3.jpg,https://www.waitrose.com/ecom/products/organix-little-ruskits-vanilla/770842-779415-779416,Organix Little Ruskits Vanilla,10x6g,£2.10,£3.50/100g,,"Baby, Child & Parent"
639596,Aptamil Advance 1 First Infant Milk Ready To Feed,G,false,130,https://ecom-su-static-prod.wtrecom.com/images/products/3/LN_639596_BP_3.jpg,https://www.waitrose.com/ecom/products/aptamil-advance-1-first-infant-milk-ready-to-feed/639596-483161-483162,Aptamil Advance 1 First Infant Milk Ready To Feed,200ml,£1.45,£7.25/litre,,"Baby, Child & Parent"
071626,Calpol Sugar Free Infant,G,false,131,https://ecom-su-static-prod.wtrecom.com/images/products/3/LN_071626_BP_3.jpg,https://www.waitrose.com/ecom/products/calpol-sugar-free-infant/071626-36356-36357,Calpol Sugar Free Infant,100ml,£4.30,£4.30/100ml,,"Baby, Child & Parent"
478819,Ella's Kitchen Dairy Free Banana Apple Coconut Dessert,G,false,132,https://ecom-su-static-prod.wtrecom.com/images/products/3/LN_478819_BP_3.jpg,https://www.waitrose.com/ecom/products/ellas-kitchen-dairy-free-banana-apple-coconut-dessert/478819-791485-791486,Ella's Kitchen Dairy Free Banana Apple Coconut Dessert,90g,£1.30,£1.45/100g,,"Baby, Child & Parent"
826165,Kiddylicious Apple Fruity Bakes,G,false,133,https://ecom-su-static-prod.wtrecom.com/images/products/3/LN_826165_BP_3.jpg,https://www.waitrose.com/ecom/products/kiddylicious-apple-fruity-bakes/826165-779423-779424,Kiddylicious Apple Fruity Bakes,6x22g,£2.80,£2.13/100g,,"Baby, Child & Parent"
551256,Kiddylicious Strawberry Wriggles,G,true,134,https://ecom-su-static-prod.wtrecom.com/images/products/3/LN_551256_BP_3.jpg,https://www.waitrose.com/ecom/products/kiddylicious-strawberry-wriggles/551256-136363-136364,Kiddylicious Strawberry Wriggles,12g,60p,£5/100g,save 35p. Was 95p,"Baby, Child & Parent"
086525,Aquafresh Toothbrush Baby Milk Teeth 0-2,G,true,135,https://ecom-su-static-prod.wtrecom.com/images/products/3/LN_086525_BP_3.jpg,https://www.waitrose.com/ecom/products/aquafresh-toothbrush-baby-milk-teeth-0-2/086525-44208-44209,Aquafresh Toothbrush Baby Milk Teeth 0-2,Each,£2.30,£2.30 each,Add 2 for £3.30,"Baby, Child & Parent"
866671,Kiddylicious Raspberry Tiddlers,G,true,136,https://ecom-su-static-prod.wtrecom.com/images/products/3/LN_866671_BP_3.jpg,https://www.waitrose.com/ecom/products/kiddylicious-raspberry-tiddlers/866671-744121-744122,Kiddylicious Raspberry Tiddlers,12g,60p,£5/100g,save 35p. Was 95p,"Baby, Child & Parent"
660922,Pampers New Baby Nappies Size 1 2-5kg,G,true,137,https://ecom-su-static-prod.wtrecom.com/images/products/3/LN_660922_BP_3.jpg,https://www.waitrose.com/ecom/products/pampers-new-baby-nappies-size-1-2-5kg/660922-743868-743869,Pampers New Baby Nappies Size 1 2-5kg,50s,£6.00,12p each,save £3.15. Was £9.15,"Baby, Child & Parent"
423746,Pampers Baby-Dry 6 Extra Large 13-18kg,G,true,138,https://ecom-su-static-prod.wtrecom.com/images/products/3/LN_423746_BP_3.jpg,https://www.waitrose.com/ecom/products/pampers-baby-dry-6-extra-large-13-18kg/423746-416432-416433,Pampers Baby-Dry 6 Extra Large 13-18kg,33s,£6.50,19.7p each,save £5.50. Was £12.00,"Baby, Child & Parent"
874912,Kiddylicious Strawberry Smoothie Melts,G,true,139,https://ecom-su-static-prod.wtrecom.com/images/products/3/LN_874912_BP_3.jpg,https://www.waitrose.com/ecom/products/kiddylicious-strawberry-smoothie-melts/874912-791655-791656,Kiddylicious Strawberry Smoothie Melts,4x6g,£2.20,£9.17/100g,save 60p. Was £2.80,"Baby, Child & Parent"
828118,Kendamil Organic First Infant Milk,G,false,140,https://ecom-su-static-prod.wtrecom.com/images/products/3/LN_828118_BP_3.jpg,https://www.waitrose.com/ecom/products/kendamil-organic-first-infant-milk/828118-690564-690565,Kendamil Organic First Infant Milk,800g,£15.00,£18.75/kg,,"Baby, Child & Parent"
773625,Ella's Kitchen Puree Bananas,G,true,141,https://ecom-su-static-prod.wtrecom.com/images/products/3/LN_773625_BP_3.jpg,https://www.waitrose.com/ecom/products/ellas-kitchen-puree-bananas/773625-791591-791592,Ella's Kitchen Puree Bananas,70g,£1.00,£1.43/100g,Add 5 for £4.50,"Baby, Child & Parent"
829505,Ella's Kitchen Beef Stew with Spuds,G,false,142,https://ecom-su-static-prod.wtrecom.com/images/products/3/LN_829505_BP_3.jpg,https://www.waitrose.com/ecom/products/ellas-kitchen-beef-stew-with-spuds/829505-229479-229480,Ella's Kitchen Beef Stew with Spuds,190g,£2.20,£1.16/100g,,"Baby, Child & Parent"
665057,"Piccolo Pear, Banana, Coconut Milk & Rice",G,false,143,https://ecom-su-static-prod.wtrecom.com/images/products/3/LN_665057_BP_3.jpg,https://www.waitrose.com/ecom/products/piccolo-pear-banana-coconut-milk-rice/665057-791549-791550,"Piccolo Pear, Banana, Coconut Milk & Rice",100g,£1.45,£1.45/100g,,"Baby, Child & Parent"
558844,Ella's Kitchen Spag Bol,G,false,144,https://ecom-su-static-prod.wtrecom.com/images/products/3/LN_558844_BP_3.jpg,https://www.waitrose.com/ecom/products/ellas-kitchen-spag-bol/558844-136375-136376,Ella's Kitchen Spag Bol,190g,£2.20,£1.16/100g,,"Baby, Child & Parent"
459914,Huggies Pulls Ups Night Boy Nappy Pants Size 6,G,false,145,https://ecom-su-static-prod.wtrecom.com/images/products/3/LN_459914_BP_3.jpg,https://www.waitrose.com/ecom/products/huggies-pulls-ups-night-boy-nappy-pants-size-6/459914-743682-743683,Huggies Pulls Ups Night Boy Nappy Pants Size 6,18s,£8.00,44.4p each,,"Baby, Child & Parent"
760612,Kit & Kin Eco Nappies Size 5,G,false,146,https://ecom-su-static-prod.wtrecom.com/images/products/3/LN_760612_BP_3.jpg,https://www.waitrose.com/ecom/products/kit-kin-eco-nappies-size-5/760612-743955-743956,Kit & Kin Eco Nappies Size 5,28s,£8.00,28.6p each,,"Baby, Child & Parent"
071978,Aquafresh Toothbrush Kids Big Teeth 6-8,G,true,147,https://ecom-su-static-prod.wtrecom.com/images/products/3/LN_071978_BP_3.jpg,https://www.waitrose.com/ecom/products/aquafresh-toothbrush-kids-big-teeth-6-8/071978-36556-36557,Aquafresh Toothbrush Kids Big Teeth 6-8,1Each,£2.30,£2.30 each,Add 2 for £3.30,"Baby, Child & Parent"
991989,Kiddylicious Pear Soft Biscotti 7+ Months,G,false,148,https://ecom-su-static-prod.wtrecom.com/images/products/3/LN_991989_BP_3.jpg,https://www.waitrose.com/ecom/products/kiddylicious-pear-soft-biscotti-7-months/991989-826350-826351,Kiddylicious Pear Soft Biscotti 7+ Months,6x20g,£2.80,£2.34/100g,,"Baby, Child & Parent"
984485,Johnson's Baby Bath,G,false,149,https://ecom-su-static-prod.wtrecom.com/images/products/3/LN_984485_BP_3.jpg,https://www.waitrose.com/ecom/products/johnsons-baby-bath/984485-826340-826341,Johnson's Baby Bath,500ml,£3.00,60p/100ml,,"Baby, Child & Parent"
974812,Pampers Harmonie Aqua Baby Wipes 0% Plastic,G,true,150,https://ecom-su-static-prod.wtrecom.com/images/products/3/LN_974812_BP_3.jpg,https://www.waitrose.com/ecom/products/pampers-harmonie-aqua-baby-wipes-0-plastic/974812-826316-826317,Pampers Harmonie Aqua Baby Wipes 0% Plastic,192Each,£4.25,2.3p each,save £4.25. Was £8.50,"Baby, Child & Parent"
956225,Kiddylicious Pizza Veggie Straws,G,false,151,https://ecom-su-static-prod.wtrecom.com/images/products/3/LN_956225_BP_3.jpg,https://www.waitrose.com/ecom/products/kiddylicious-pizza-veggie-straws/956225-826292-826293,Kiddylicious Pizza Veggie Straws,4x12g,£2.80,£5.84/100g,,"Baby, Child & Parent"
948975,Pampers Premium Protection Nappy Pants Size 7,G,true,152,https://ecom-su-static-prod.wtrecom.com/images/products/3/LN_948975_BP_3.jpg,https://www.waitrose.com/ecom/products/pampers-premium-protection-nappy-pants-size-7/948975-826280-826281,Pampers Premium Protection Nappy Pants Size 7,21Each,£6.50,31p each,save £5.50. Was £12.00,"Baby, Child & Parent"
947119,Kiddylicious Apple & Broccoli Munchy Sticks 7+ Months,G,false,153,https://ecom-su-static-prod.wtrecom.com/images/products/3/LN_947119_BP_3.jpg,https://www.waitrose.com/ecom/products/kiddylicious-apple-broccoli-munchy-sticks-7-months/947119-826278-826279,Kiddylicious Apple & Broccoli Munchy Sticks 7+ Months,4x4g,£1.75,£10.94/100g,,"Baby, Child & Parent"
915478,Aveeno Kids Face & Body Lotion,G,false,154,https://ecom-su-static-prod.wtrecom.com/images/products/3/LN_915478_BP_3.jpg,https://www.waitrose.com/ecom/products/aveeno-kids-face-body-lotion/915478-826248-826249,Aveeno Kids Face & Body Lotion,150ml,£6.50,£4.34/100ml,,"Baby, Child & Parent"
906228,Aveeno Kids Bubble Bath & Wash,G,false,155,https://ecom-su-static-prod.wtrecom.com/images/products/3/LN_906228_BP_3.jpg,https://www.waitrose.com/ecom/products/aveeno-kids-bubble-bath-wash/906228-826232-826233,Aveeno Kids Bubble Bath & Wash,250ml,£6.50,£2.60/100ml,,"Baby, Child & Parent"
898298,Ella's Kitchen Chicken Noodles,G,true,156,https://ecom-su-static-prod.wtrecom.com/images/products/3/LN_898298_BP_3.jpg,https://www.waitrose.com/ecom/products/ellas-kitchen-chicken-noodles/898298-656389-656390,Ella's Kitchen Chicken Noodles,130g,£1.80,£1.39/100g,Add 5 for £7,"Baby, Child & Parent"
896862,Haliborange Softies Calcium & Vitamin D,G,true,157,https://ecom-su-static-prod.wtrecom.com/images/products/3/LN_896862_BP_3.jpg,https://www.waitrose.com/ecom/products/haliborange-softies-calcium-vitamin-d/896862-330598-330599,Haliborange Softies Calcium & Vitamin D,30s,£5.50,18.3p each,save £1.10. Was £6.60,"Baby, Child & Parent"
896600,Infacol Simeticone Colic Relief,G,false,158,https://ecom-su-static-prod.wtrecom.com/images/products/3/LN_896600_BP_3.jpg,https://www.waitrose.com/ecom/products/infacol-simeticone-colic-relief/896600-694090-694091,Infacol Simeticone Colic Relief,55ml,£6.00,£10.91/100ml,,"Baby, Child & Parent"
895665,My Little Coco Aloe & Pear Conditioner,G,false,159,https://ecom-su-static-prod.wtrecom.com/images/products/3/LN_895665_BP_3.jpg,https://www.waitrose.com/ecom/products/my-little-coco-aloe-pear-conditioner/895665-805567-805568,My Little Coco Aloe & Pear Conditioner,350ml,£6.25,£1.79/100ml,,"Baby, Child & Parent"
895434,Nûby Toddler Cup Flip It,G,false,160,https://ecom-su-static-prod.wtrecom.com/images/products/3/LN_895434_BP_3.jpg,https://www.waitrose.com/ecom/products/nuby-toddler-cup-flip-it/895434-743432-743433,Nûby Toddler Cup Flip It,1Each,£7.00,£7 each,,"Baby, Child & Parent"
893010,Pampers Baby-Dry Nappy Pants Size 6,G,true,161,https://ecom-su-static-prod.wtrecom.com/images/products/3/LN_893010_BP_3.jpg,https://www.waitrose.com/ecom/products/pampers-baby-dry-nappy-pants-size-6/893010-779879-779880,Pampers Baby-Dry Nappy Pants Size 6,54Each,£17.00,31.5p each,Add 2 for £22,"Baby, Child & Parent"
889974,Ella's Kitchen Bangers & Mash,G,true,162,https://ecom-su-static-prod.wtrecom.com/images/products/3/LN_889974_BP_3.jpg,https://www.waitrose.com/ecom/products/ellas-kitchen-bangers-mash/889974-791665-791666,Ella's Kitchen Bangers & Mash,130g,£1.75,£1.35/100g,Add 5 for £7,"Baby, Child & Parent"
887495,Kiddylicious Fruity Drops Raspberry,G,false,163,https://ecom-su-static-prod.wtrecom.com/images/products/3/LN_887495_BP_3.jpg,https://www.waitrose.com/ecom/products/kiddylicious-fruity-drops-raspberry/887495-758832-758833,Kiddylicious Fruity Drops Raspberry,4x16g,£2.65,£4.15/100g,,"Baby, Child & Parent"
886025,Milton Baby Bottle Cleaner,G,true,164,https://ecom-su-static-prod.wtrecom.com/images/products/3/LN_886025_BP_3.jpg,https://www.waitrose.com/ecom/products/milton-baby-bottle-cleaner/886025-826212-826213,Milton Baby Bottle Cleaner,500ml,£3.80,76p/100ml,New Line,"Baby, Child & Parent"
885229,Piccolo Organic Red Thai Curry,G,false,165,https://ecom-su-static-prod.wtrecom.com/images/products/3/LN_885229_BP_3.jpg,https://www.waitrose.com/ecom/products/piccolo-organic-red-thai-curry/885229-805565-805566,Piccolo Organic Red Thai Curry,130g,£2.00,£1.54/100g,,"Baby, Child & Parent"
885060,"Piccolo Strawberry, Banana & Peach Puree",G,false,166,https://ecom-su-static-prod.wtrecom.com/images/products/3/LN_885060_BP_3.jpg,https://www.waitrose.com/ecom/products/piccolo-strawberry-banana-peach-puree/885060-791663-791664,"Piccolo Strawberry, Banana & Peach Puree",100g,£1.45,£1.45/100g,,"Baby, Child & Parent"
884525,Childs Farm Shampoo Strawberry,G,false,167,https://ecom-su-static-prod.wtrecom.com/images/products/3/LN_884525_BP_3.jpg,https://www.waitrose.com/ecom/products/childs-farm-shampoo-strawberry/884525-666291-666292,Childs Farm Shampoo Strawberry,500ml,£8.40,£1.68/100ml,,"Baby, Child & Parent"
882676,WaterWipes Weaning Biodegrdable,G,true,168,https://ecom-su-static-prod.wtrecom.com/images/products/3/LN_882676_BP_3.jpg,https://www.waitrose.com/ecom/products/waterwipes-weaning-biodegrdable/882676-779425-779426,WaterWipes Weaning Biodegrdable,60s,£2.50,4.2p each,save 60p. Was £3.10,"Baby, Child & Parent"
880823,Essential Pregnancy Test Kit,G,false,169,https://ecom-su-static-prod.wtrecom.com/images/products/3/LN_880823_BP_3.jpg,https://www.waitrose.com/ecom/products/essential-pregnancy-test-kit/880823-311488-311489,Essential Pregnancy Test Kit,2s,£3.95,£3.95 each,,"Baby, Child & Parent"
880396,Pampers Premium Protect Nappy Pants Size 4,G,true,170,https://ecom-su-static-prod.wtrecom.com/images/products/3/LN_880396_BP_3.jpg,https://www.waitrose.com/ecom/products/pampers-premium-protect-nappy-pants-size-4/880396-791659-791660,Pampers Premium Protect Nappy Pants Size 4,30Each,£6.50,21.7p each,save £5.50. Was £12.00,"Baby, Child & Parent"
879669,Childs Farm Bubble Bath Tangerine,G,false,171,https://ecom-su-static-prod.wtrecom.com/images/products/3/LN_879669_BP_3.jpg,https://www.waitrose.com/ecom/products/childs-farm-bubble-bath-tangerine/879669-666289-666290,Childs Farm Bubble Bath Tangerine,500ml,£8.40,£1.68/100ml,,"Baby, Child & Parent"
878203,Munchkin Click Lock Tip & Sip,G,false,172,https://ecom-su-static-prod.wtrecom.com/images/products/3/LN_878203_BP_3.jpg,https://www.waitrose.com/ecom/products/munchkin-click-lock-tip-sip/878203-366573-366574,Munchkin Click Lock Tip & Sip,Each,£6.99,£6.99 each,,"Baby, Child & Parent"
877989,Neal's Yard Baby Balm,G,false,173,https://ecom-su-static-prod.wtrecom.com/images/products/3/LN_877989_BP_3.jpg,https://www.waitrose.com/ecom/products/neals-yard-baby-balm/877989-758824-758825,Neal's Yard Baby Balm,50g,£12.00,£24/100g,,"Baby, Child & Parent"
876452,Bonjela Soothing Teething Gel,G,false,174,https://ecom-su-static-prod.wtrecom.com/images/products/3/LN_876452_BP_3.jpg,https://www.waitrose.com/ecom/products/bonjela-soothing-teething-gel/876452-719975-719976,Bonjela Soothing Teething Gel,15ml,£4.20,£28/100ml,,"Baby, Child & Parent"
871661,Bloom and Blossom Cheek to Cheek Gentle Baby Balm,G,false,175,https://ecom-su-static-prod.wtrecom.com/images/products/3/LN_871661_BP_3.jpg,https://www.waitrose.com/ecom/products/bloom-and-blossom-cheek-to-cheek-gentle-baby-balm/871661-826206-826207,Bloom and Blossom Cheek to Cheek Gentle Baby Balm,50ml,£12.00,£24/100ml,,"Baby, Child & Parent"
871159,SMA Pro Follow-On Milk,G,false,176,https://ecom-su-static-prod.wtrecom.com/images/products/3/LN_871159_BP_3.jpg,https://www.waitrose.com/ecom/products/sma-pro-follow-on-milk/871159-769593-769594,SMA Pro Follow-On Milk,800g,£14.20,£17.75/kg,,"Baby, Child & Parent"
871068,HiPP Kids Soft & Smooth All-In-1 Wash,G,false,177,https://ecom-su-static-prod.wtrecom.com/images/products/3/LN_871068_BP_3.jpg,https://www.waitrose.com/ecom/products/hipp-kids-soft-smooth-all-in-1-wash/871068-758808-758809,HiPP Kids Soft & Smooth All-In-1 Wash,200ml,£2.90,£1.45/100ml,,"Baby, Child & Parent"
867295,Kendamil Goat Follow on Milk 6+12m,G,false,178,https://ecom-su-static-prod.wtrecom.com/images/products/3/LN_867295_BP_3.jpg,https://www.waitrose.com/ecom/products/kendamil-goat-follow-on-milk-612m/867295-744123-744124,Kendamil Goat Follow on Milk 6+12m,800g,£21.00,£2.63/100g,,"Baby, Child & Parent"
866346,Munchkin Stay Put Suction Plate,G,false,179,https://ecom-su-static-prod.wtrecom.com/images/products/3/LN_866346_BP_3.jpg,https://www.waitrose.com/ecom/products/munchkin-stay-put-suction-plate/866346-768865-768866,Munchkin Stay Put Suction Plate,Each,£7.49,£7.49 each,,"Baby, Child & Parent"
863905,Activo Boom Bat & Ball Set,G,false,180,https://ecom-su-static-prod.wtrecom.com/images/products/3/LN_863905_BP_3.jpg,https://www.waitrose.com/ecom/products/activo-boom-bat-ball-set/863905-751711-751712,Activo Boom Bat & Ball Set,each,£8.00,£8 each,,"Baby, Child & Parent"
863167,Pampers Premium Protection Nappies Size 4,G,false,181,https://ecom-su-static-prod.wtrecom.com/images/products/3/LN_863167_BP_3.jpg,https://www.waitrose.com/ecom/products/pampers-premium-protection-nappies-size-4/863167-744113-744114,Pampers Premium Protection Nappies Size 4,37Each,£11.00,29.7p each,,"Baby, Child & Parent"
862243,Sudocrem Care & Protect,G,false,182,https://ecom-su-static-prod.wtrecom.com/images/products/3/LN_862243_BP_3.jpg,https://www.waitrose.com/ecom/products/sudocrem-care-protect/862243-330022-330023,Sudocrem Care & Protect,30g,£4.20,£14/100g,,"Baby, Child & Parent"
862064,Ella's Kitchen Organic Strawberry and Apple Melty Sticks,G,false,183,https://ecom-su-static-prod.wtrecom.com/images/products/3/LN_862064_BP_3.jpg,https://www.waitrose.com/ecom/products/ellas-kitchen-organic-strawberry-and-apple-melty-sticks/862064-826198-826199,Ella's Kitchen Organic Strawberry and Apple Melty Sticks,16g,£1.35,£8.44/100g,,"Baby, Child & Parent"
860572,Kit & Kin Eco Nappies Size 4,G,false,184,https://ecom-su-static-prod.wtrecom.com/images/products/3/LN_860572_BP_3.jpg,https://www.waitrose.com/ecom/products/kit-kin-eco-nappies-size-4/860572-744101-744102,Kit & Kin Eco Nappies Size 4,32s,£8.00,25p each,,"Baby, Child & Parent"
859602,Munchkin Soft Tip Spoons,G,false,185,https://ecom-su-static-prod.wtrecom.com/images/products/3/LN_859602_BP_3.jpg,https://www.waitrose.com/ecom/products/munchkin-soft-tip-spoons/859602-329976-329977,Munchkin Soft Tip Spoons,6s,£4.25,70.8p each,,"Baby, Child & Parent"
858618,"Piccolo Organic Banana, Mango & Pineapple Stage 1",G,false,186,https://ecom-su-static-prod.wtrecom.com/images/products/3/LN_858618_BP_3.jpg,https://www.waitrose.com/ecom/products/piccolo-organic-banana-mango-pineapple-stage-1/858618-813022-813023,"Piccolo Organic Banana, Mango & Pineapple Stage 1",100g,£1.45,£1.45/100g,,"Baby, Child & Parent"
857254,Piccolo Sweet Potato & Beef Meatballs,G,false,187,https://ecom-su-static-prod.wtrecom.com/images/products/3/LN_857254_BP_3.jpg,https://www.waitrose.com/ecom/products/piccolo-sweet-potato-beef-meatballs/857254-791647-791648,Piccolo Sweet Potato & Beef Meatballs,130g,£2.00,£1.54/100g,,"Baby, Child & Parent"
856287,Bubble Flurry Eco,G,false,188,https://ecom-su-static-prod.wtrecom.com/images/products/3/LN_856287_BP_3.jpg,https://www.waitrose.com/ecom/products/bubble-flurry-eco/856287-772313-772314,Bubble Flurry Eco,each,£4.00,£4 each,,"Baby, Child & Parent"
855808,Kiddylicious Melts Banana & Mango,G,true,189,https://ecom-su-static-prod.wtrecom.com/images/products/3/LN_855808_BP_3.jpg,https://www.waitrose.com/ecom/products/kiddylicious-melts-banana-mango/855808-229579-229580,Kiddylicious Melts Banana & Mango,6g,60p,£10/100g,save 35p. Was 95p,"Baby, Child & Parent"
854293,Ella's Kitchen Cottage Pie,G,true,190,https://ecom-su-static-prod.wtrecom.com/images/products/3/LN_854293_BP_3.jpg,https://www.waitrose.com/ecom/products/ellas-kitchen-cottage-pie/854293-656237-656238,Ella's Kitchen Cottage Pie,130g,£1.80,£1.39/100g,Add 5 for £7,"Baby, Child & Parent"
853062,Aveeno Baby Moisturising Lotion,G,false,191,https://ecom-su-static-prod.wtrecom.com/images/products/3/LN_853062_BP_3.jpg,https://www.waitrose.com/ecom/products/aveeno-baby-moisturising-lotion/853062-564287-564288,Aveeno Baby Moisturising Lotion,150ml,£6.85,£4.57/100ml,,"Baby, Child & Parent"
851598,Weleda Calendula Face Cream,G,false,192,https://ecom-su-static-prod.wtrecom.com/images/products/3/LN_851598_BP_3.jpg,https://www.waitrose.com/ecom/products/weleda-calendula-face-cream/851598-292732-292733,Weleda Calendula Face Cream,50ml,£10.50,£21/100ml,,"Baby, Child & Parent"
848234,Ella's Kitchen Dairy Free Pear + Fig Porridge Brekkie,G,true,193,https://ecom-su-static-prod.wtrecom.com/images/products/3/LN_848234_BP_3.jpg,https://www.waitrose.com/ecom/products/ellas-kitchen-dairy-free-pear-fig-porridge-brekkie/848234-791633-791634,Ella's Kitchen Dairy Free Pear + Fig Porridge Brekkie,100g,£1.50,£1.50/100g,Add 3 for £3.75,"Baby, Child & Parent"
848000,Pure Night Soother 2-6M,G,false,194,https://ecom-su-static-prod.wtrecom.com/images/products/3/LN_848000_BP_3.jpg,https://www.waitrose.com/ecom/products/pure-night-soother-2-6m/848000-801538-801539,Pure Night Soother 2-6M,2s,£7.75,£3.88 each,,"Baby, Child & Parent"
847946,Pure Original 6+M Soother,G,false,195,https://ecom-su-static-prod.wtrecom.com/images/products/3/LN_847946_BP_3.jpg,https://www.waitrose.com/ecom/products/pure-original-6m-soother/847946-801536-801537,Pure Original 6+M Soother,2s,£7.00,£3.50 each,,"Baby, Child & Parent"
845571,Ella's Kitchen Organic Cheesey Jacket Potato With Beans,G,true,196,https://ecom-su-static-prod.wtrecom.com/images/products/3/LN_845571_BP_3.jpg,https://www.waitrose.com/ecom/products/ellas-kitchen-organic-cheesey-jacket-potato-with-beans/845571-826194-826195,Ella's Kitchen Organic Cheesey Jacket Potato With Beans,100g,£1.40,£1.40/100g,Add 3 for £3.75,"Baby, Child & Parent"
845458,HiPP Organic Vegetable Cannelloni 15+Months,G,false,197,https://ecom-su-static-prod.wtrecom.com/images/products/3/LN_845458_BP_3.jpg,https://www.waitrose.com/ecom/products/hipp-organic-vegetable-cannelloni-15months/845458-826192-826193,HiPP Organic Vegetable Cannelloni 15+Months,250g,£2.50,£1/100g,,"Baby, Child & Parent"
843366,SMA Pro Follow-On Milk 2,G,true,198,https://ecom-su-static-prod.wtrecom.com/images/products/3/LN_843366_BP_3.jpg,https://www.waitrose.com/ecom/products/sma-pro-follow-on-milk-2/843366-758760-758761,SMA Pro Follow-On Milk 2,200ml,£1.10,55p/100ml,Add 3 for £3,"Baby, Child & Parent"
840829,Ella's Kitchen Peaches Pears & Rice,G,false,199,https://ecom-su-static-prod.wtrecom.com/images/products/3/LN_840829_BP_3.jpg,https://www.waitrose.com/ecom/products/ellas-kitchen-peaches-pears-rice/840829-166813-166814,Ella's Kitchen Peaches Pears & Rice,120g,£1.35,£1.13/100g,,"Baby, Child & Parent"
837576,Huggies Pulls Ups Training Day Girl Nappy Pants Size 6,G,false,200,https://ecom-su-static-prod.wtrecom.com/images/products/3/LN_837576_BP_3.jpg,https://www.waitrose.com/ecom/products/huggies-pulls-ups-training-day-girl-nappy-pants-size-6/837576-744057-744058,Huggies Pulls Ups Training Day Girl Nappy Pants Size 6,20s,£8.00,40p each,,"Baby, Child & Parent"
836269,Unice 15cm Play Ball,G,false,201,https://ecom-su-static-prod.wtrecom.com/images/products/3/LN_836269_BP_3.jpg,https://www.waitrose.com/ecom/products/unice-15cm-play-ball/836269-484079-484080,Unice 15cm Play Ball,each,£3.00,£3 each,,"Baby, Child & Parent"
836051,Ella's Kitchen Sweetcorn & Paprika Munchy Fingers,G,false,202,https://ecom-su-static-prod.wtrecom.com/images/products/3/LN_836051_BP_3.jpg,https://www.waitrose.com/ecom/products/ellas-kitchen-sweetcorn-paprika-munchy-fingers/836051-791617-791618,Ella's Kitchen Sweetcorn & Paprika Munchy Fingers,4x12g,£2.35,£4.90/100g,,"Baby, Child & Parent"
833871,Kiddylicious Fruit Wriggles Strawberry,G,true,203,https://ecom-su-static-prod.wtrecom.com/images/products/3/LN_833871_BP_3.jpg,https://www.waitrose.com/ecom/products/kiddylicious-fruit-wriggles-strawberry/833871-758748-758749,Kiddylicious Fruit Wriggles Strawberry,4x12g,£2.20,£4.59/100g,save 45p. Was £2.65,"Baby, Child & Parent"
833709,My Little Coco Aloe & Pear Shampoo,G,false,204,https://ecom-su-static-prod.wtrecom.com/images/products/3/LN_833709_BP_3.jpg,https://www.waitrose.com/ecom/products/my-little-coco-aloe-pear-shampoo/833709-805547-805548,My Little Coco Aloe & Pear Shampoo,350ml,£6.25,£1.79/100ml,,"Baby, Child & Parent"
832031,Kendamil Follow-On Milk 6-12 months,G,false,205,https://ecom-su-static-prod.wtrecom.com/images/products/3/LN_832031_BP_3.jpg,https://www.waitrose.com/ecom/products/kendamil-follow-on-milk-6-12-months/832031-690572-690573,Kendamil Follow-On Milk 6-12 months,800g,£15.75,£19.69/kg,,"Baby, Child & Parent"
828778,Aptamil 4 Toddler Milk Powder 2-3Y,G,false,206,https://ecom-su-static-prod.wtrecom.com/images/products/3/LN_828778_BP_3.jpg,https://www.waitrose.com/ecom/products/aptamil-4-toddler-milk-powder-2-3y/828778-151655-151656,Aptamil 4 Toddler Milk Powder 2-3Y,800g,£13.50,£16.88/kg,,"Baby, Child & Parent"
828025,Neal's Yard Baby Massage Oil,G,false,207,https://ecom-su-static-prod.wtrecom.com/images/products/3/LN_828025_BP_3.jpg,https://www.waitrose.com/ecom/products/neals-yard-baby-massage-oil/828025-758738-758739,Neal's Yard Baby Massage Oil,50ml,£10.00,£20/100ml,,"Baby, Child & Parent"
825718,Bassetts Vitamins Multivitamins Raspberry 7-11 Years,G,false,208,https://ecom-su-static-prod.wtrecom.com/images/products/3/LN_825718_BP_3.jpg,https://www.waitrose.com/ecom/products/bassetts-vitamins-multivitamins-raspberry-7-11-years/825718-455562-455563,Bassetts Vitamins Multivitamins Raspberry 7-11 Years,30s,£6.30,21p each,,"Baby, Child & Parent"
824667,Childs Farm Hair & Body Wash Blackberry,G,false,209,https://ecom-su-static-prod.wtrecom.com/images/products/3/LN_824667_BP_3.jpg,https://www.waitrose.com/ecom/products/childs-farm-hair-body-wash-blackberry/824667-666273-666274,Childs Farm Hair & Body Wash Blackberry,500ml,£8.40,£1.68/100ml,,"Baby, Child & Parent"
823870,Piccolo Organic Mild Chicken Korma 7+ Months,G,false,210,https://ecom-su-static-prod.wtrecom.com/images/products/3/LN_823870_BP_3.jpg,https://www.waitrose.com/ecom/products/piccolo-organic-mild-chicken-korma-7-months/823870-826188-826189,Piccolo Organic Mild Chicken Korma 7+ Months,130g,£2.00,£1.54/100g,,"Baby, Child & Parent"
822842,Piccolo Organic Brekkie Strawberry & Banana Stage 1,G,false,211,https://ecom-su-static-prod.wtrecom.com/images/products/3/LN_822842_BP_3.jpg,https://www.waitrose.com/ecom/products/piccolo-organic-brekkie-strawberry-banana-stage-1/822842-813002-813003,Piccolo Organic Brekkie Strawberry & Banana Stage 1,100g,£1.50,,,"Baby, Child & Parent"
818148,Cow & Gate First Infant Milk,G,false,212,https://ecom-su-static-prod.wtrecom.com/images/products/3/LN_818148_BP_3.jpg,https://www.waitrose.com/ecom/products/cow-gate-first-infant-milk/818148-656102-656103,Cow & Gate First Infant Milk,4x200ml,£3.85,48.1p/100ml,,"Baby, Child & Parent"
815102,HiPP Scrumptions Lasagne,G,false,213,https://ecom-su-static-prod.wtrecom.com/images/products/3/LN_815102_BP_3.jpg,https://www.waitrose.com/ecom/products/hipp-scrumptions-lasagne/815102-721562-721563,HiPP Scrumptions Lasagne,230g,£2.20,95.7p/100g,,"Baby, Child & Parent"
814580,Kiddylicious Fruity Bakes Peach & Banana,G,false,214,https://ecom-su-static-prod.wtrecom.com/images/products/3/LN_814580_BP_3.jpg,https://www.waitrose.com/ecom/products/kiddylicious-fruity-bakes-peach-banana/814580-791605-791606,Kiddylicious Fruity Bakes Peach & Banana,6x22g,£2.80,£2.13/100g,,"Baby, Child & Parent"
811189,Kendamil Creamy Porridge,G,false,215,https://ecom-su-static-prod.wtrecom.com/images/products/3/LN_811189_BP_3.jpg,https://www.waitrose.com/ecom/products/kendamil-creamy-porridge/811189-791603-791604,Kendamil Creamy Porridge,150g,£2.50,£1.67/100g,,"Baby, Child & Parent"
810329,Piccolo Organic Strawberry & Date Fruit Sticks,G,true,216,https://ecom-su-static-prod.wtrecom.com/images/products/3/LN_810329_BP_3.jpg,https://www.waitrose.com/ecom/products/piccolo-organic-strawberry-date-fruit-sticks/810329-826186-826187,Piccolo Organic Strawberry & Date Fruit Sticks,4x20g,£2.40,£3/100g,Introductory Offer.Will be £3.00,"Baby, Child & Parent"
810296,Piccolo Blushing Berries,G,false,217,https://ecom-su-static-prod.wtrecom.com/images/products/3/LN_810296_BP_3.jpg,https://www.waitrose.com/ecom/products/piccolo-blushing-berries/810296-588791-588792,Piccolo Blushing Berries,100g,£1.45,£1.45/100g,,"Baby, Child & Parent"
810016,Kiddylicious Melts Strawberry & Banana,G,true,218,https://ecom-su-static-prod.wtrecom.com/images/products/3/LN_810016_BP_3.jpg,https://www.waitrose.com/ecom/products/kiddylicious-melts-strawberry-banana/810016-229415-229416,Kiddylicious Melts Strawberry & Banana,6g,60p,£10/100g,save 35p. Was 95p,"Baby, Child & Parent"
807887,Ella's Kitchen Organic Banana & Vanilla Bread Pudding,G,false,219,https://ecom-su-static-prod.wtrecom.com/images/products/3/LN_807887_BP_3.jpg,https://www.waitrose.com/ecom/products/ellas-kitchen-organic-banana-vanilla-bread-pudding/807887-509446-509447,Ella's Kitchen Organic Banana & Vanilla Bread Pudding,4x80g,£2.35,73.4p/100g,,"Baby, Child & Parent"
807832,BEAR Fruit Treasures Tropical,G,false,220,https://ecom-su-static-prod.wtrecom.com/images/products/3/LN_807832_BP_3.jpg,https://www.waitrose.com/ecom/products/bear-fruit-treasures-tropical/807832-826184-826185,BEAR Fruit Treasures Tropical,5x20g,£2.80,£2.80/100g,,"Baby, Child & Parent"
807435,Bathtime Buddies Bath Crayons,G,false,221,https://ecom-su-static-prod.wtrecom.com/images/products/3/LN_807435_BP_3.jpg,https://www.waitrose.com/ecom/products/bathtime-buddies-bath-crayons/807435-772165-772166,Bathtime Buddies Bath Crayons,1Each,£3.50,£3.50 each,,"Baby, Child & Parent"
804934,Huggies Pulls Ups Training Day Boy Nappy Pants Size 6,G,false,222,https://ecom-su-static-prod.wtrecom.com/images/products/3/LN_804934_BP_3.jpg,https://www.waitrose.com/ecom/products/huggies-pulls-ups-training-day-boy-nappy-pants-size-6/804934-744005-744006,Huggies Pulls Ups Training Day Boy Nappy Pants Size 6,20s,£8.00,40p each,,"Baby, Child & Parent"
804665,Pure Night Soother 16+M,G,false,223,https://ecom-su-static-prod.wtrecom.com/images/products/3/LN_804665_BP_3.jpg,https://www.waitrose.com/ecom/products/pure-night-soother-16m/804665-801492-801493,Pure Night Soother 16+M,2s,£9.50,£4.75 each,,"Baby, Child & Parent"
804325,Kendamil Toddler Milk 1-3 Years,G,false,224,https://ecom-su-static-prod.wtrecom.com/images/products/3/LN_804325_BP_3.jpg,https://www.waitrose.com/ecom/products/kendamil-toddler-milk-1-3-years/804325-690494-690495,Kendamil Toddler Milk 1-3 Years,800g,£15.75,£19.69/kg,,"Baby, Child & Parent"
799694,Ella's Kitchen Pulled Pork with BBQ,G,true,225,https://ecom-su-static-prod.wtrecom.com/images/products/3/LN_799694_BP_3.jpg,https://www.waitrose.com/ecom/products/ellas-kitchen-pulled-pork-with-bbq/799694-791597-791598,Ella's Kitchen Pulled Pork with BBQ,130g,£1.75,£1.35/100g,Add 5 for £7,"Baby, Child & Parent"
799160,Bubble Solution 1L Transparent Bottle,G,false,226,https://ecom-su-static-prod.wtrecom.com/images/products/3/LN_799160_BP_3.jpg,https://www.waitrose.com/ecom/products/bubble-solution-1l-transparent-bottle/799160-807225-807226,Bubble Solution 1L Transparent Bottle,each,£1.99,£1.99 each,,"Baby, Child & Parent"
794612,Sophie La Girafe Teether in Box,G,false,227,https://ecom-su-static-prod.wtrecom.com/images/products/3/LN_794612_BP_3.jpg,https://www.waitrose.com/ecom/products/sophie-la-girafe-teether-in-box/794612-393577-393578,Sophie La Girafe Teether in Box,each,£15.99,£15.99 each,,"Baby, Child & Parent"
792614,Pampers Baby-Dry Nappy Pants Size 7,G,true,228,https://ecom-su-static-prod.wtrecom.com/images/products/3/LN_792614_BP_3.jpg,https://www.waitrose.com/ecom/products/pampers-baby-dry-nappy-pants-size-7/792614-779765-779766,Pampers Baby-Dry Nappy Pants Size 7,50Each,£17.00,34p each,Add 2 for £22,"Baby, Child & Parent"
791967,Aptamil Multigrain Banana Cereal,G,false,229,https://ecom-su-static-prod.wtrecom.com/images/products/3/LN_791967_BP_3.jpg,https://www.waitrose.com/ecom/products/aptamil-multigrain-banana-cereal/791967-730866-730867,Aptamil Multigrain Banana Cereal,200g,£3.95,£1.98/100g,,"Baby, Child & Parent"
790798,Kiddylicious Blueberry Wafers,G,false,230,https://ecom-su-static-prod.wtrecom.com/images/products/3/LN_790798_BP_3.jpg,https://www.waitrose.com/ecom/products/kiddylicious-blueberry-wafers/790798-718071-718072,Kiddylicious Blueberry Wafers,10x4g,£2.65,£6.63/100g,,"Baby, Child & Parent"
790754,Calpol Infant Paracetamol 2+Months,G,false,231,https://ecom-su-static-prod.wtrecom.com/images/products/3/LN_790754_BP_3.jpg,https://www.waitrose.com/ecom/products/calpol-infant-paracetamol-2months/790754-138641-138642,Calpol Infant Paracetamol 2+Months,100ml,£3.70,£3.70/100ml,,"Baby, Child & Parent"
789616,Piccolo Tomato & Mozzarella Spaghetti,G,false,232,https://ecom-su-static-prod.wtrecom.com/images/products/3/LN_789616_BP_3.jpg,https://www.waitrose.com/ecom/products/piccolo-tomato-mozzarella-spaghetti/789616-743981-743982,Piccolo Tomato & Mozzarella Spaghetti,130g,£2.00,£1.54/100g,,"Baby, Child & Parent"
783876,Neal's Yard Baby Bath & Shampoo,G,false,233,https://ecom-su-static-prod.wtrecom.com/images/products/3/LN_783876_BP_3.jpg,https://www.waitrose.com/ecom/products/neals-yard-baby-bath-shampoo/783876-730860-730861,Neal's Yard Baby Bath & Shampoo,200ml,£12.00,£6/100ml,,"Baby, Child & Parent"
783199,Aveeno Baby 2-in-1 Shampoo & Conditioner,G,false,234,https://ecom-su-static-prod.wtrecom.com/images/products/3/LN_783199_BP_3.jpg,https://www.waitrose.com/ecom/products/aveeno-baby-2-in-1-shampoo-conditioner/783199-779417-779418,Aveeno Baby 2-in-1 Shampoo & Conditioner,250ml,£6.85,£27.40/litre,,"Baby, Child & Parent"
780194,Ultrasun Extreme Sun Lotion SPF50+,G,true,235,https://ecom-su-static-prod.wtrecom.com/images/products/3/LN_780194_BP_3.jpg,https://www.waitrose.com/ecom/products/ultrasun-extreme-sun-lotion-spf50/780194-111009-111010,Ultrasun Extreme Sun Lotion SPF50+,100ml,£19.20,£19.20/100ml,save £4.80. Was £24.00,"Baby, Child & Parent"
775108,Aptamil Lactose Free First Infant Milk,G,false,236,https://ecom-su-static-prod.wtrecom.com/images/products/3/LN_775108_BP_3.jpg,https://www.waitrose.com/ecom/products/aptamil-lactose-free-first-infant-milk/775108-655987-655988,Aptamil Lactose Free First Infant Milk,400g,£9.25,£2.32/100g,,"Baby, Child & Parent"
765863,Nestle Cerelac Mixed Fruits and Wheat Cereal,G,false,237,https://ecom-su-static-prod.wtrecom.com/images/products/3/LN_765863_BP_3.jpg,https://www.waitrose.com/ecom/products/nestle-cerelac-mixed-fruits-and-wheat-cereal/765863-826178-826179,Nestle Cerelac Mixed Fruits and Wheat Cereal,400g,£4.95,£1.24/100g,,"Baby, Child & Parent"
761196,Piccolo Apple & Apricot,G,false,238,https://ecom-su-static-prod.wtrecom.com/images/products/3/LN_761196_BP_3.jpg,https://www.waitrose.com/ecom/products/piccolo-apple-apricot/761196-495028-495029,Piccolo Apple & Apricot,100g,£1.45,£1.45/100g,,"Baby, Child & Parent"
758958,Aveeno Baby Hair & Body Wash,G,false,239,https://ecom-su-static-prod.wtrecom.com/images/products/3/LN_758958_BP_3.jpg,https://www.waitrose.com/ecom/products/aveeno-baby-hair-body-wash/758958-779413-779414,Aveeno Baby Hair & Body Wash,250ml,£6.85,£27.40/litre,,"Baby, Child & Parent"
754319,Ella's Kitchen Tomato-y Pasta,G,false,240,https://ecom-su-static-prod.wtrecom.com/images/products/3/LN_754319_BP_3.jpg,https://www.waitrose.com/ecom/products/ellas-kitchen-tomato-y-pasta/754319-116769-116770,Ella's Kitchen Tomato-y Pasta,190g,£2.20,£1.16/100g,,"Baby, Child & Parent"
753320,Pampers Baby-Dry Nappy Pants Size 5,G,true,241,https://ecom-su-static-prod.wtrecom.com/images/products/3/LN_753320_BP_3.jpg,https://www.waitrose.com/ecom/products/pampers-baby-dry-nappy-pants-size-5/753320-779733-779734,Pampers Baby-Dry Nappy Pants Size 5,64Each,£17.00,26.6p each,Add 2 for £22,"Baby, Child & Parent"
753130,HiPP Kids Clean & Green Bubbly Bath,G,false,242,https://ecom-su-static-prod.wtrecom.com/images/products/3/LN_753130_BP_3.jpg,https://www.waitrose.com/ecom/products/hipp-kids-clean-green-bubbly-bath/753130-758654-758655,HiPP Kids Clean & Green Bubbly Bath,300ml,£3.95,£1.32/100ml,,"Baby, Child & Parent"
748970,Organix Kids Tangy Tomato Crunchy Waves,G,false,243,https://ecom-su-static-prod.wtrecom.com/images/products/3/LN_748970_BP_3.jpg,https://www.waitrose.com/ecom/products/organix-kids-tangy-tomato-crunchy-waves/748970-826415-826416,Organix Kids Tangy Tomato Crunchy Waves,4x14g,£2.60,£4.65/100g,,"Baby, Child & Parent"
748912,Cow & Gate 3 Growing Up Milk Powder,G,false,244,https://ecom-su-static-prod.wtrecom.com/images/products/3/LN_748912_BP_3.jpg,https://www.waitrose.com/ecom/products/cow-gate-3-growing-up-milk-powder/748912-106512-106513,Cow & Gate 3 Growing Up Milk Powder,800g,£11.00,£13.75/kg,,"Baby, Child & Parent"
747317,Ella's Kitchen Cheesy Pasta,G,false,245,https://ecom-su-static-prod.wtrecom.com/images/products/3/LN_747317_BP_3.jpg,https://www.waitrose.com/ecom/products/ellas-kitchen-cheesy-pasta/747317-791583-791584,Ella's Kitchen Cheesy Pasta,190g,£2.20,,,"Baby, Child & Parent"
746025,Kit & Kin Eco Nappies Size 2,G,false,246,https://ecom-su-static-prod.wtrecom.com/images/products/3/LN_746025_BP_3.jpg,https://www.waitrose.com/ecom/products/kit-kin-eco-nappies-size-2/746025-743935-743936,Kit & Kin Eco Nappies Size 2,38s,£8.00,21.1p each,,"Baby, Child & Parent"
744646,Childs Farm Hair & Body Wash,G,false,247,https://ecom-su-static-prod.wtrecom.com/images/products/3/LN_744646_BP_3.jpg,https://www.waitrose.com/ecom/products/childs-farm-hair-body-wash/744646-583896-583897,Childs Farm Hair & Body Wash,500ml,£8.40,£1.68/100ml,,"Baby, Child & Parent"
743968,BEAR Paws Apple & Blackcurrant,G,false,248,https://ecom-su-static-prod.wtrecom.com/images/products/3/LN_743968_BP_3.jpg,https://www.waitrose.com/ecom/products/bear-paws-apple-blackcurrant/743968-652755-652756,BEAR Paws Apple & Blackcurrant,5s,£2.80,56p each,,"Baby, Child & Parent"
742396,Lansinoh Disposable Nursing Pads,G,true,249,https://ecom-su-static-prod.wtrecom.com/images/products/3/LN_742396_BP_3.jpg,https://www.waitrose.com/ecom/products/lansinoh-disposable-nursing-pads/742396-105554-105555,Lansinoh Disposable Nursing Pads,60s,£5.48,9.1p each,20% Off. Was £6.85,"Baby, Child & Parent"
741176,Piccolo Organic Tomato Puff Rings,G,false,250,https://ecom-su-static-prod.wtrecom.com/images/products/3/LN_741176_BP_3.jpg,https://www.waitrose.com/ecom/products/piccolo-organic-tomato-puff-rings/741176-812952-812953,Piccolo Organic Tomato Puff Rings,4x15g,£2.80,46.7p/10g,,"Baby, Child & Parent"
737607,Pampers Harmonie New Baby Wipes 0% Plastic,G,true,251,https://ecom-su-static-prod.wtrecom.com/images/products/3/LN_737607_BP_3.jpg,https://www.waitrose.com/ecom/products/pampers-harmonie-new-baby-wipes-0-plastic/737607-823070-823071,Pampers Harmonie New Baby Wipes 0% Plastic,4x46Each,£4.25,2.3p each,save £4.25. Was £8.50,"Baby, Child & Parent"
737401,Pampers Baby Dry Size 3 6-10kg,G,true,252,https://ecom-su-static-prod.wtrecom.com/images/products/3/LN_737401_BP_3.jpg,https://www.waitrose.com/ecom/products/pampers-baby-dry-size-3-6-10kg/737401-288529-288530,Pampers Baby Dry Size 3 6-10kg,50s,£6.50,13p each,save £5.50. Was £12.00,"Baby, Child & Parent"
732770,Aptamil Advanced First Infant Milk,G,false,253,https://ecom-su-static-prod.wtrecom.com/images/products/3/LN_732770_BP_3.jpg,https://www.waitrose.com/ecom/products/aptamil-advanced-first-infant-milk/732770-779411-779412,Aptamil Advanced First Infant Milk,800g,£18.00,£22.50/kg,,"Baby, Child & Parent"
726389,Bucket & Spade,G,false,254,https://ecom-su-static-prod.wtrecom.com/images/products/3/LN_726389_BP_3.jpg,https://www.waitrose.com/ecom/products/bucket-spade/726389-814821-814822,Bucket & Spade,each,£6.99,£6.99 each,,"Baby, Child & Parent"
725007,Childs Farm Baby Bedtime Bubbles,G,false,255,https://ecom-su-static-prod.wtrecom.com/images/products/3/LN_725007_BP_3.jpg,https://www.waitrose.com/ecom/products/childs-farm-baby-bedtime-bubbles/725007-666251-666252,Childs Farm Baby Bedtime Bubbles,250ml,£4.75,£1.90/100ml,,"Baby, Child & Parent"
719534,Aveeno Baby Daily Care Nappy Cream,G,false,256,https://ecom-su-static-prod.wtrecom.com/images/products/3/LN_719534_BP_3.jpg,https://www.waitrose.com/ecom/products/aveeno-baby-daily-care-nappy-cream/719534-724595-724596,Aveeno Baby Daily Care Nappy Cream,100ml,£7.00,£7/100ml,,"Baby, Child & Parent"
719355,Waterwipes Biodegradable,G,false,257,https://ecom-su-static-prod.wtrecom.com/images/products/3/LN_719355_BP_3.jpg,https://www.waitrose.com/ecom/products/waterwipes-biodegradable/719355-747520-747521,Waterwipes Biodegradable,28s,£2.00,7.1p each,,"Baby, Child & Parent"
718497,SMA Pro First Infant Milk 1,G,false,258,https://ecom-su-static-prod.wtrecom.com/images/products/3/LN_718497_BP_3.jpg,https://www.waitrose.com/ecom/products/sma-pro-first-infant-milk-1/718497-726470-726471,SMA Pro First Infant Milk 1,200ml,£1.00,50p/100ml,,"Baby, Child & Parent"
717696,Bloom & Blossom Soothing Baby Hair & Body Wash,G,false,259,https://ecom-su-static-prod.wtrecom.com/images/products/3/LN_717696_BP_3.jpg,https://www.waitrose.com/ecom/products/bloom-blossom-soothing-baby-hair-body-wash/717696-826164-826165,Bloom & Blossom Soothing Baby Hair & Body Wash,500ml,£12.00,£2.40/100ml,,"Baby, Child & Parent"
715998,Pampers Baby-Dry Pants Size 4 9-15kg,G,false,260,https://ecom-su-static-prod.wtrecom.com/images/products/3/LN_715998_BP_3.jpg,https://www.waitrose.com/ecom/products/pampers-baby-dry-pants-size-4-9-15kg/715998-527619-527620,Pampers Baby-Dry Pants Size 4 9-15kg,38s,£12.00,31.6p each,,"Baby, Child & Parent"
715394,Kit & Kin Eco Nappies Size 3,G,false,261,https://ecom-su-static-prod.wtrecom.com/images/products/3/LN_715394_BP_3.jpg,https://www.waitrose.com/ecom/products/kit-kin-eco-nappies-size-3/715394-743904-743905,Kit & Kin Eco Nappies Size 3,32s,£8.00,25p each,,"Baby, Child & Parent"
715341,HiPP Soft & Foamy Handwash Refill,G,false,262,https://ecom-su-static-prod.wtrecom.com/images/products/3/LN_715341_BP_3.jpg,https://www.waitrose.com/ecom/products/hipp-soft-foamy-handwash-refill/715341-723970-723971,HiPP Soft & Foamy Handwash Refill,250ml,£2.90,£1.16/100ml,,"Baby, Child & Parent"
712243,Aptamil Advanced Follow On Milk,G,false,263,https://ecom-su-static-prod.wtrecom.com/images/products/3/LN_712243_BP_3.jpg,https://www.waitrose.com/ecom/products/aptamil-advanced-follow-on-milk/712243-779385-779386,Aptamil Advanced Follow On Milk,800g,£18.00,£22.50/kg,,"Baby, Child & Parent"
710884,Ella's Kitchen Organic Lamb Roast Dinner,G,false,264,https://ecom-su-static-prod.wtrecom.com/images/products/3/LN_710884_BP_3.jpg,https://www.waitrose.com/ecom/products/ellas-kitchen-organic-lamb-roast-dinner/710884-826162-826163,Ella's Kitchen Organic Lamb Roast Dinner,190g,£2.10,£1.11/100g,,"Baby, Child & Parent"
710801,Pregnacare Breast-Feeding,G,false,265,https://ecom-su-static-prod.wtrecom.com/images/products/3/LN_710801_BP_3.jpg,https://www.waitrose.com/ecom/products/pregnacare-breast-feeding/710801-100988-100988,Pregnacare Breast-Feeding,84s,£16.80,20p each,,"Baby, Child & Parent"
709284,TT SIPPEE 300ML,G,false,266,https://ecom-su-static-prod.wtrecom.com/images/products/3/LN_709284_BP_3.jpg,https://www.waitrose.com/ecom/products/tt-sippee-300ml/709284-821979-821980,TT SIPPEE 300ML,each,£4.50,£4.50 each,,"Baby, Child & Parent"
705014,Huggies Pulls Ups Night Girl Nappy Pants Size 6,G,false,267,https://ecom-su-static-prod.wtrecom.com/images/products/3/LN_705014_BP_3.jpg,https://www.waitrose.com/ecom/products/huggies-pulls-ups-night-girl-nappy-pants-size-6/705014-743896-743897,Huggies Pulls Ups Night Girl Nappy Pants Size 6,18s,£8.00,44.4p each,,"Baby, Child & Parent"
699041,Bassetts Vitamins Omega-3 & Multivitamins 3-6 Years,G,false,268,https://ecom-su-static-prod.wtrecom.com/images/products/3/LN_699041_BP_3.jpg,https://www.waitrose.com/ecom/products/bassetts-vitamins-omega-3-multivitamins-3-6-years/699041-454645-454646,Bassetts Vitamins Omega-3 & Multivitamins 3-6 Years,30s,£6.30,21p each,,"Baby, Child & Parent"
692750,Scholl Verruca & Wart Treatment Pen,G,true,269,https://ecom-su-static-prod.wtrecom.com/images/products/3/LN_692750_BP_3.jpg,https://www.waitrose.com/ecom/products/scholl-verruca-wart-treatment-pen/692750-723948-723949,Scholl Verruca & Wart Treatment Pen,2g,£13.31,£665.50/100g,25% Off. Was £17.75,"Baby, Child & Parent"
689496,Ella's Kitchen Katsu Curry,G,true,270,https://ecom-su-static-prod.wtrecom.com/images/products/3/LN_689496_BP_3.jpg,https://www.waitrose.com/ecom/products/ellas-kitchen-katsu-curry/689496-791561-791562,Ella's Kitchen Katsu Curry,130g,£1.75,£1.35/100g,Add 5 for £7,"Baby, Child & Parent"
688927,Ella's Kitchen Organic Apple & Cinnamon Crumble 7+ Months,G,false,271,https://ecom-su-static-prod.wtrecom.com/images/products/3/LN_688927_BP_3.jpg,https://www.waitrose.com/ecom/products/ellas-kitchen-organic-apple-cinnamon-crumble-7-months/688927-509358-509359,Ella's Kitchen Organic Apple & Cinnamon Crumble 7+ Months,4x80g,£2.35,73.4p/100g,,"Baby, Child & Parent"
687295,Piccolo Organic Carrot Puff Stars,G,false,272,https://ecom-su-static-prod.wtrecom.com/images/products/3/LN_687295_BP_3.jpg,https://www.waitrose.com/ecom/products/piccolo-organic-carrot-puff-stars/687295-812934-812935,Piccolo Organic Carrot Puff Stars,4x15g,£2.80,46.7p/10g,,"Baby, Child & Parent"
687105,Ella's Kitchen Red Peppers & Apples,G,false,273,https://ecom-su-static-prod.wtrecom.com/images/products/3/LN_687105_BP_3.jpg,https://www.waitrose.com/ecom/products/ellas-kitchen-red-peppers-apples/687105-268176-268177,Ella's Kitchen Red Peppers & Apples,120g,£1.35,£1.13/100g,,"Baby, Child & Parent"
684789,Childs Farm Conditioner,G,false,274,https://ecom-su-static-prod.wtrecom.com/images/products/3/LN_684789_BP_3.jpg,https://www.waitrose.com/ecom/products/childs-farm-conditioner/684789-666247-666248,Childs Farm Conditioner,500ml,£8.40,£1.68/100ml,,"Baby, Child & Parent"
684657,Kiddylicious Cheesy Straws,G,true,275,https://ecom-su-static-prod.wtrecom.com/images/products/3/LN_684657_BP_3.jpg,https://www.waitrose.com/ecom/products/kiddylicious-cheesy-straws/684657-583796-583797,Kiddylicious Cheesy Straws,12g,60p,£5/100g,save 35p. Was 95p,"Baby, Child & Parent"
682371,Bloom and Blossom Like A Baby Calming Baby Massage Lotion,G,false,276,https://ecom-su-static-prod.wtrecom.com/images/products/3/LN_682371_BP_3.jpg,https://www.waitrose.com/ecom/products/bloom-and-blossom-like-a-baby-calming-baby-massage-lotion/682371-826156-826157,Bloom and Blossom Like A Baby Calming Baby Massage Lotion,200ml,£12.00,£6/100ml,,"Baby, Child & Parent"
681908,Bear Round Bibs,G,false,277,https://ecom-su-static-prod.wtrecom.com/images/products/3/LN_681908_BP_3.jpg,https://www.waitrose.com/ecom/products/bear-round-bibs/681908-801984-801985,Bear Round Bibs,3s,£12.00,£4 each,,"Baby, Child & Parent"
671130,Neal's Yard Remedies Women's Balance Shower Oil,G,false,278,https://ecom-su-static-prod.wtrecom.com/images/products/3/LN_671130_BP_3.jpg,https://www.waitrose.com/ecom/products/neals-yard-remedies-womens-balance-shower-oil/671130-762072-762073,Neal's Yard Remedies Women's Balance Shower Oil,200ml,£22.00,£11/100ml,,"Baby, Child & Parent"
668778,Hedrin All In One Shampoo,G,false,279,https://ecom-su-static-prod.wtrecom.com/images/products/3/LN_668778_BP_3.jpg,https://www.waitrose.com/ecom/products/hedrin-all-in-one-shampoo/668778-741258-741259,Hedrin All In One Shampoo,100ml,£13.50,£13.50/100ml,,"Baby, Child & Parent"
666763,Piccolo Organic Natural Yoghurt Mango & Peach,G,false,280,https://ecom-su-static-prod.wtrecom.com/images/products/3/LN_666763_BP_3.jpg,https://www.waitrose.com/ecom/products/piccolo-organic-natural-yoghurt-mango-peach/666763-812928-812929,Piccolo Organic Natural Yoghurt Mango & Peach,100g,£1.50,£1.50/100g,,"Baby, Child & Parent"
664835,Pregnacare Him & Her Conception,G,false,281,https://ecom-su-static-prod.wtrecom.com/images/products/3/LN_664835_BP_3.jpg,https://www.waitrose.com/ecom/products/pregnacare-him-her-conception/664835-94399-94399,Pregnacare Him & Her Conception,60s,£21.00,35p each,,"Baby, Child & Parent"
657484,BEAR Fruit Treasures Berry 3+ Years,G,false,282,https://ecom-su-static-prod.wtrecom.com/images/products/3/LN_657484_BP_3.jpg,https://www.waitrose.com/ecom/products/bear-fruit-treasures-berry-3-years/657484-826154-826155,BEAR Fruit Treasures Berry 3+ Years,5x20g,£2.80,£2.80/100g,,"Baby, Child & Parent"
652781,Piccolo Organic Superboost Strawberry & Apple 7+Months,G,false,283,https://ecom-su-static-prod.wtrecom.com/images/products/3/LN_652781_BP_3.jpg,https://www.waitrose.com/ecom/products/piccolo-organic-superboost-strawberry-apple-7months/652781-826150-826151,Piccolo Organic Superboost Strawberry & Apple 7+Months,100g,£1.60,£1.60/100g,,"Baby, Child & Parent"
651544,Ella's Kitchen Caribbean Chicken,G,false,284,https://ecom-su-static-prod.wtrecom.com/images/products/3/LN_651544_BP_3.jpg,https://www.waitrose.com/ecom/products/ellas-kitchen-caribbean-chicken/651544-92477-92478,Ella's Kitchen Caribbean Chicken,190g,£2.20,£1.16/100g,,"Baby, Child & Parent"
648753,Mam Easy Start Anti-Colic Bottle,G,false,285,https://ecom-su-static-prod.wtrecom.com/images/products/3/LN_648753_BP_3.jpg,https://www.waitrose.com/ecom/products/mam-easy-start-anti-colic-bottle/648753-737957-737958,Mam Easy Start Anti-Colic Bottle,2s,£18.00,£9 each,,"Baby, Child & Parent"
646401,HiPP Organic Mild Vegetable Curry & Rice 10+ Months,G,false,286,https://ecom-su-static-prod.wtrecom.com/images/products/3/LN_646401_BP_3.jpg,https://www.waitrose.com/ecom/products/hipp-organic-mild-vegetable-curry-rice-10-months/646401-826144-826145,HiPP Organic Mild Vegetable Curry & Rice 10+ Months,200g,£2.20,£1.10/100g,,"Baby, Child & Parent"
643378,SMA Pro Growing Up Milk,G,false,287,https://ecom-su-static-prod.wtrecom.com/images/products/3/LN_643378_BP_3.jpg,https://www.waitrose.com/ecom/products/sma-pro-growing-up-milk/643378-769515-769516,SMA Pro Growing Up Milk,800g,£14.20,£17.75/kg,,"Baby, Child & Parent"
642362,Pure Night Soother 6+M,G,false,288,https://ecom-su-static-prod.wtrecom.com/images/products/3/LN_642362_BP_3.jpg,https://www.waitrose.com/ecom/products/pure-night-soother-6m/642362-801412-801413,Pure Night Soother 6+M,2s,£9.50,£4.75 each,,"Baby, Child & Parent"
642155,My Little Coco Aloe & Pear Body Cream,G,false,289,https://ecom-su-static-prod.wtrecom.com/images/products/3/LN_642155_BP_3.jpg,https://www.waitrose.com/ecom/products/my-little-coco-aloe-pear-body-cream/642155-805499-805500,My Little Coco Aloe & Pear Body Cream,350ml,£6.25,£1.79/100ml,,"Baby, Child & Parent"
638678,Metanium Nappy Rash Ointment,G,false,290,https://ecom-su-static-prod.wtrecom.com/images/products/3/LN_638678_BP_3.jpg,https://www.waitrose.com/ecom/products/metanium-nappy-rash-ointment/638678-90702-90703,Metanium Nappy Rash Ointment,30g,£4.75,£15.84/100g,,"Baby, Child & Parent"
638549,Ella's Kitchen Organic Pesto Pasta With Chicken & Mushroom,G,true,291,https://ecom-su-static-prod.wtrecom.com/images/products/3/LN_638549_BP_3.jpg,https://www.waitrose.com/ecom/products/ellas-kitchen-organic-pesto-pasta-with-chicken-mushroom/638549-826142-826143,Ella's Kitchen Organic Pesto Pasta With Chicken & Mushroom,100g,£1.40,£1.40/100g,Add 3 for £3.75,"Baby, Child & Parent"
635129,HiPP 3 Growing Up Milk,G,false,292,https://ecom-su-static-prod.wtrecom.com/images/products/3/LN_635129_BP_3.jpg,https://www.waitrose.com/ecom/products/hipp-3-growing-up-milk/635129-90197-90198,HiPP 3 Growing Up Milk,600g,£10.50,£17.50/kg,,"Baby, Child & Parent"
631614,Bepanthen Nappy Ointment,G,false,293,https://ecom-su-static-prod.wtrecom.com/images/products/3/LN_631614_BP_3.jpg,https://www.waitrose.com/ecom/products/bepanthen-nappy-ointment/631614-406888-406889,Bepanthen Nappy Ointment,100g,£9.25,£9.25/100g,,"Baby, Child & Parent"
626648,Bloom and Blossom Gentle Baby Bubble Bath,G,false,294,https://ecom-su-static-prod.wtrecom.com/images/products/3/LN_626648_BP_3.jpg,https://www.waitrose.com/ecom/products/bloom-and-blossom-gentle-baby-bubble-bath/626648-826140-826141,Bloom and Blossom Gentle Baby Bubble Bath,500ml,£12.00,£2.40/100ml,,"Baby, Child & Parent"
623908,Nurofen for Children Orange Liquid Ibuprofen,G,false,295,https://ecom-su-static-prod.wtrecom.com/images/products/3/LN_623908_BP_3.jpg,https://www.waitrose.com/ecom/products/nurofen-for-children-orange-liquid-ibuprofen/623908-88506-88507,Nurofen for Children Orange Liquid Ibuprofen,100ml,£4.70,£4.70/100ml,,"Baby, Child & Parent"
620167,Piccolo Organic Brekkie Mango & Pineapple Stage 1,G,false,296,https://ecom-su-static-prod.wtrecom.com/images/products/3/LN_620167_BP_3.jpg,https://www.waitrose.com/ecom/products/piccolo-organic-brekkie-mango-pineapple-stage-1/620167-812910-812911,Piccolo Organic Brekkie Mango & Pineapple Stage 1,100g,£1.50,£1.50/100g,,"Baby, Child & Parent"
616235,Kiddylicious Raspberry Buttons,G,false,297,https://ecom-su-static-prod.wtrecom.com/images/products/3/LN_616235_BP_3.jpg,https://www.waitrose.com/ecom/products/kiddylicious-raspberry-buttons/616235-730734-730735,Kiddylicious Raspberry Buttons,5x6g,£2.80,£9.34/100g,,"Baby, Child & Parent"
613340,Matey Molly Bubble Bath,G,false,298,https://ecom-su-static-prod.wtrecom.com/images/products/3/LN_613340_BP_3.jpg,https://www.waitrose.com/ecom/products/matey-molly-bubble-bath/613340-793474-793475,Matey Molly Bubble Bath,450ml,£2.50,55.6p/100ml,,"Baby, Child & Parent"
612753,Bloom & Blossom Smooth Operator Body Cream,G,false,299,https://ecom-su-static-prod.wtrecom.com/images/products/3/LN_612753_BP_3.jpg,https://www.waitrose.com/ecom/products/bloom-blossom-smooth-operator-body-cream/612753-805779-805780,Bloom & Blossom Smooth Operator Body Cream,200ml,£10.00,£5/100ml,,"Baby, Child & Parent"
610675,HiPP 12+ Months Potato & Chicken Scrumble,G,false,300,https://ecom-su-static-prod.wtrecom.com/images/products/3/LN_610675_BP_3.jpg,https://www.waitrose.com/ecom/products/hipp-12-months-potato-chicken-scrumble/610675-86633-86634,HiPP 12+ Months Potato & Chicken Scrumble,230g,£2.20,95.7p/100g,,"Baby, Child & Parent"
604172,Tommee Tippee First Cup 4M+,G,false,301,https://ecom-su-static-prod.wtrecom.com/images/products/3/LN_604172_BP_3.jpg,https://www.waitrose.com/ecom/products/tommee-tippee-first-cup-4m/604172-142692-142693,Tommee Tippee First Cup 4M+,each,£2.49,£2.49 each,,"Baby, Child & Parent"
594087,Organix Banana & Plum Porridge,G,false,302,https://ecom-su-static-prod.wtrecom.com/images/products/3/LN_594087_BP_3.jpg,https://www.waitrose.com/ecom/products/organix-banana-plum-porridge/594087-826128-826129,Organix Banana & Plum Porridge,200g,£3.00,£1.50/100g,,"Baby, Child & Parent"
578246,Childs Farm Bubble Bath Raspberry,G,false,303,https://ecom-su-static-prod.wtrecom.com/images/products/3/LN_578246_BP_3.jpg,https://www.waitrose.com/ecom/products/childs-farm-bubble-bath-raspberry/578246-791523-791524,Childs Farm Bubble Bath Raspberry,500ml,£8.40,£1.68/100ml,,"Baby, Child & Parent"
575623,Kit & Kin Eco Nappies Size 6,G,false,304,https://ecom-su-static-prod.wtrecom.com/images/products/3/LN_575623_BP_3.jpg,https://www.waitrose.com/ecom/products/kit-kin-eco-nappies-size-6/575623-743800-743801,Kit & Kin Eco Nappies Size 6,24s,£8.00,33.3p each,,"Baby, Child & Parent"
572730,Piccolo Spring Vegetables & Chicken Casserole,G,false,305,https://ecom-su-static-prod.wtrecom.com/images/products/3/LN_572730_BP_3.jpg,https://www.waitrose.com/ecom/products/piccolo-spring-vegetables-chicken-casserole/572730-791521-791522,Piccolo Spring Vegetables & Chicken Casserole,130g,£2.00,£1.54/100g,,"Baby, Child & Parent"
571264,Weleda Calendula All Purpose Balm,G,false,306,https://ecom-su-static-prod.wtrecom.com/images/products/3/LN_571264_BP_3.jpg,https://www.waitrose.com/ecom/products/weleda-calendula-all-purpose-balm/571264-791519-791520,Weleda Calendula All Purpose Balm,25g,£8.35,£33.40/100g,,"Baby, Child & Parent"
566880,Haliborange Softies Omega-3 & Vitamins,G,true,307,https://ecom-su-static-prod.wtrecom.com/images/products/3/LN_566880_BP_3.jpg,https://www.waitrose.com/ecom/products/haliborange-softies-omega-3-vitamins/566880-327600-327601,Haliborange Softies Omega-3 & Vitamins,30s,£5.00,16.7p each,save £1.10. Was £6.10,"Baby, Child & Parent"
562823,Calpol Saline Nasal Spray,G,false,308,https://ecom-su-static-prod.wtrecom.com/images/products/3/LN_562823_BP_3.jpg,https://www.waitrose.com/ecom/products/calpol-saline-nasal-spray/562823-730698-730699,Calpol Saline Nasal Spray,15ml,£4.95,£33/100ml,,"Baby, Child & Parent"
558622,Kendamil Toddler Milk 3,G,false,309,https://ecom-su-static-prod.wtrecom.com/images/products/3/LN_558622_BP_3.jpg,https://www.waitrose.com/ecom/products/kendamil-toddler-milk-3/558622-779403-779404,Kendamil Toddler Milk 3,800g,£12.60,£1.58/100g,,"Baby, Child & Parent"
558458,Haliborange Softies Vitamins Strawberry,G,true,310,https://ecom-su-static-prod.wtrecom.com/images/products/3/LN_558458_BP_3.jpg,https://www.waitrose.com/ecom/products/haliborange-softies-vitamins-strawberry/558458-79032-79033,Haliborange Softies Vitamins Strawberry,30s,£5.00,16.7p each,save £1.20. Was £6.20,"Baby, Child & Parent"
554608,Ella's Kitchen Lamb Tagine,G,true,311,https://ecom-su-static-prod.wtrecom.com/images/products/3/LN_554608_BP_3.jpg,https://www.waitrose.com/ecom/products/ellas-kitchen-lamb-tagine/554608-791517-791518,Ella's Kitchen Lamb Tagine,130g,£1.75,£1.35/100g,Add 5 for £7,"Baby, Child & Parent"
552226,Pampers Premium Protection Nappies Size 6,G,false,312,https://ecom-su-static-prod.wtrecom.com/images/products/3/LN_552226_BP_3.jpg,https://www.waitrose.com/ecom/products/pampers-premium-protection-nappies-size-6/552226-743784-743785,Pampers Premium Protection Nappies Size 6,28s,£11.00,39.3p each,,"Baby, Child & Parent"
550120,Kendamil First Infant Milk,G,false,313,https://ecom-su-static-prod.wtrecom.com/images/products/3/LN_550120_BP_3.jpg,https://www.waitrose.com/ecom/products/kendamil-first-infant-milk/550120-779401-779402,Kendamil First Infant Milk,800g,£12.00,£1.50/100g,,"Baby, Child & Parent"
549996,"Piccolo Organic Superboost Banana, Mango & Coconut",G,false,314,https://ecom-su-static-prod.wtrecom.com/images/products/3/LN_549996_BP_3.jpg,https://www.waitrose.com/ecom/products/piccolo-organic-superboost-banana-mango-coconut/549996-826114-826115,"Piccolo Organic Superboost Banana, Mango & Coconut",100g,£1.60,£1.60/100g,,"Baby, Child & Parent"
546515,Wellbaby Multi-Vitamin Liquid,G,false,315,https://ecom-su-static-prod.wtrecom.com/images/products/3/LN_546515_BP_3.jpg,https://www.waitrose.com/ecom/products/wellbaby-multi-vitamin-liquid/546515-77259-77260,Wellbaby Multi-Vitamin Liquid,150ml,£5.25,£3.50/100ml,,"Baby, Child & Parent"
544300,Ella's Kitchen Chicken Roast Dinner,G,true,316,https://ecom-su-static-prod.wtrecom.com/images/products/3/LN_544300_BP_3.jpg,https://www.waitrose.com/ecom/products/ellas-kitchen-chicken-roast-dinner/544300-229101-229102,Ella's Kitchen Chicken Roast Dinner,130g,£1.80,£1.39/100g,Add 5 for £7,"Baby, Child & Parent"
541668,Kit & Kin Eco Nappies Size 1,G,false,317,https://ecom-su-static-prod.wtrecom.com/images/products/3/LN_541668_BP_3.jpg,https://www.waitrose.com/ecom/products/kit-kin-eco-nappies-size-1/541668-743764-743765,Kit & Kin Eco Nappies Size 1,38s,£8.00,21.1p each,,"Baby, Child & Parent"
541248,Organix Kids Crazy Carrot Crunchy Waves,G,false,318,https://ecom-su-static-prod.wtrecom.com/images/products/3/LN_541248_BP_3.jpg,https://www.waitrose.com/ecom/products/organix-kids-crazy-carrot-crunchy-waves/541248-826110-826111,Organix Kids Crazy Carrot Crunchy Waves,4x14g,£2.60,£4.65/100g,,"Baby, Child & Parent"
537247,My Little Coco Aloe & Pear Bath & Body Bubbles - 350ml,G,false,319,https://ecom-su-static-prod.wtrecom.com/images/products/3/LN_537247_BP_3.jpg,https://www.waitrose.com/ecom/products/my-little-coco-aloe-pear-bath-body-bubbles-350ml/537247-805485-805486,My Little Coco Aloe & Pear Bath & Body Bubbles - 350ml,350ml,£6.25,£1.79/100ml,,"Baby, Child & Parent"
535598,Ella's Kitchen Fish Pie,G,true,320,https://ecom-su-static-prod.wtrecom.com/images/products/3/LN_535598_BP_3.jpg,https://www.waitrose.com/ecom/products/ellas-kitchen-fish-pie/535598-401186-401187,Ella's Kitchen Fish Pie,130g,£1.80,£1.39/100g,Add 5 for £7,"Baby, Child & Parent"
531131,Aptamil Advanced Toddler Milk,G,false,321,https://ecom-su-static-prod.wtrecom.com/images/products/3/LN_531131_BP_3.jpg,https://www.waitrose.com/ecom/products/aptamil-advanced-toddler-milk/531131-779397-779398,Aptamil Advanced Toddler Milk,800g,£18.00,£22.50/kg,,"Baby, Child & Parent"
527527,Neal's Yard Remedies Women's Balance Massage Oil,G,false,322,https://ecom-su-static-prod.wtrecom.com/images/products/3/LN_527527_BP_3.jpg,https://www.waitrose.com/ecom/products/neals-yard-remedies-womens-balance-massage-oil/527527-761974-761975,Neal's Yard Remedies Women's Balance Massage Oil,100ml,£25.00,£25/100ml,,"Baby, Child & Parent"
527186,Munchkin Miracle 360° Trainer Cup,G,false,323,https://ecom-su-static-prod.wtrecom.com/images/products/3/LN_527186_BP_3.jpg,https://www.waitrose.com/ecom/products/munchkin-miracle-360-trainer-cup/527186-438349-438350,Munchkin Miracle 360° Trainer Cup,Each,£6.99,£6.99 each,,"Baby, Child & Parent"
522647,Bio Oil,G,true,324,https://ecom-su-static-prod.wtrecom.com/images/products/3/LN_522647_BP_3.jpg,https://www.waitrose.com/ecom/products/bio-oil/522647-406508-406509,Bio Oil,200ml,£19.50,£9.75/100ml,25% Off. Was £26.00,"Baby, Child & Parent"
522357,Pampers Ninjamas Pyjama Pants 8-12 Years,G,true,325,https://ecom-su-static-prod.wtrecom.com/images/products/3/LN_522357_BP_3.jpg,https://www.waitrose.com/ecom/products/pampers-ninjamas-pyjama-pants-8-12-years/522357-823048-823049,Pampers Ninjamas Pyjama Pants 8-12 Years,9Each,£3.50,38.9p each,save £2.50. Was £6.00,"Baby, Child & Parent"
521145,Kendamil Banana Porridge,G,false,326,https://ecom-su-static-prod.wtrecom.com/images/products/3/LN_521145_BP_3.jpg,https://www.waitrose.com/ecom/products/kendamil-banana-porridge/521145-791499-791500,Kendamil Banana Porridge,150g,£2.50,£1.67/100g,,"Baby, Child & Parent"
520819,Pampers Ninjamas Pyjama Pants 4-7 Years,G,true,327,https://ecom-su-static-prod.wtrecom.com/images/products/3/LN_520819_BP_3.jpg,https://www.waitrose.com/ecom/products/pampers-ninjamas-pyjama-pants-4-7-years/520819-823044-823045,Pampers Ninjamas Pyjama Pants 4-7 Years,10Each,£3.50,35p each,save £2.50. Was £6.00,"Baby, Child & Parent"
512458,Ella's Kitchen Thai Curry,G,false,328,https://ecom-su-static-prod.wtrecom.com/images/products/3/LN_512458_BP_3.jpg,https://www.waitrose.com/ecom/products/ellas-kitchen-thai-curry/512458-791493-791494,Ella's Kitchen Thai Curry,190g,£2.20,£1.16/100g,,"Baby, Child & Parent"
507520,Piccolo Organic Mango & Pear,G,false,329,https://ecom-su-static-prod.wtrecom.com/images/products/3/LN_507520_BP_3.jpg,https://www.waitrose.com/ecom/products/piccolo-organic-mango-pear/507520-812872-812873,Piccolo Organic Mango & Pear,100g,£1.45,£1.45/100g,,"Baby, Child & Parent"
505715,Piccolo Organic Blueberry & Banana Yoghurt,G,false,330,https://ecom-su-static-prod.wtrecom.com/images/products/3/LN_505715_BP_3.jpg,https://www.waitrose.com/ecom/products/piccolo-organic-blueberry-banana-yoghurt/505715-812868-812869,Piccolo Organic Blueberry & Banana Yoghurt,100g,£1.50,£1.50/100g,,"Baby, Child & Parent"
505376,SMA Pro First Infant Milk,G,false,331,https://ecom-su-static-prod.wtrecom.com/images/products/3/LN_505376_BP_3.jpg,https://www.waitrose.com/ecom/products/sma-pro-first-infant-milk/505376-769459-769460,SMA Pro First Infant Milk,800g,£13.00,£16.25/kg,,"Baby, Child & Parent"
503603,Aptamil 3 Toddler Milk Powder 1-2Y,G,false,332,https://ecom-su-static-prod.wtrecom.com/images/products/3/LN_503603_BP_3.jpg,https://www.waitrose.com/ecom/products/aptamil-3-toddler-milk-powder-1-2y/503603-71128-71129,Aptamil 3 Toddler Milk Powder 1-2Y,800g,£13.50,£16.88/kg,,"Baby, Child & Parent"
503235,Pampers Baby Dry Size 7 15+ kg,G,true,333,https://ecom-su-static-prod.wtrecom.com/images/products/3/LN_503235_BP_3.jpg,https://www.waitrose.com/ecom/products/pampers-baby-dry-size-7-15-kg/503235-583402-583403,Pampers Baby Dry Size 7 15+ kg,30s,£6.50,21.7p each,save £5.50. Was £12.00,"Baby, Child & Parent"
502672,Nûby Super Slurp 18M+,G,false,334,https://ecom-su-static-prod.wtrecom.com/images/products/3/LN_502672_BP_3.jpg,https://www.waitrose.com/ecom/products/nuby-super-slurp-18m/502672-665899-665900,Nûby Super Slurp 18M+,Each,£7.50,£7.50 each,,"Baby, Child & Parent"
498301,Piccolo Organic Roast Lamb Dinner & Vegetables Stage 2,G,false,335,https://ecom-su-static-prod.wtrecom.com/images/products/3/LN_498301_BP_3.jpg,https://www.waitrose.com/ecom/products/piccolo-organic-roast-lamb-dinner-vegetables-stage-2/498301-812864-812865,Piccolo Organic Roast Lamb Dinner & Vegetables Stage 2,130g,£2.00,£1.54/100g,,"Baby, Child & Parent"
494140,Kendamil Follow-On Milk 2,G,false,336,https://ecom-su-static-prod.wtrecom.com/images/products/3/LN_494140_BP_3.jpg,https://www.waitrose.com/ecom/products/kendamil-follow-on-milk-2/494140-779393-779394,Kendamil Follow-On Milk 2,800g,£12.60,£1.58/100g,,"Baby, Child & Parent"
492029,HiPP Soft & Foamy Handwash,G,false,337,https://ecom-su-static-prod.wtrecom.com/images/products/3/LN_492029_BP_3.jpg,https://www.waitrose.com/ecom/products/hipp-soft-foamy-handwash/492029-723703-723704,HiPP Soft & Foamy Handwash,250ml,£3.95,£1.58/100ml,,"Baby, Child & Parent"
491519,Ella's Kitchen Lamb Roast Dinner,G,true,338,https://ecom-su-static-prod.wtrecom.com/images/products/3/LN_491519_BP_3.jpg,https://www.waitrose.com/ecom/products/ellas-kitchen-lamb-roast-dinner/491519-134509-134510,Ella's Kitchen Lamb Roast Dinner,130g,£1.80,£1.39/100g,Add 5 for £7,"Baby, Child & Parent"
487417,"Piccolo Apple, Banana & Blueberry",G,false,339,https://ecom-su-static-prod.wtrecom.com/images/products/3/LN_487417_BP_3.jpg,https://www.waitrose.com/ecom/products/piccolo-apple-banana-blueberry/487417-743718-743719,"Piccolo Apple, Banana & Blueberry",100g,£1.45,£1.45/100g,,"Baby, Child & Parent"
485579,Kiddylicious 10 Banana Wafers,G,false,340,https://ecom-su-static-prod.wtrecom.com/images/products/3/LN_485579_BP_3.jpg,https://www.waitrose.com/ecom/products/kiddylicious-10-banana-wafers/485579-690068-690069,Kiddylicious 10 Banana Wafers,40g,£2.65,£66.25/kg,,"Baby, Child & Parent"
483144,Huggies Little Swimmers Size 2-3 Swim nappies,G,true,341,https://ecom-su-static-prod.wtrecom.com/images/products/3/LN_483144_BP_3.jpg,https://www.waitrose.com/ecom/products/huggies-little-swimmers-size-2-3-swim-nappies/483144-292636-292637,Huggies Little Swimmers Size 2-3 Swim nappies,12s,£4.50,37.5p each,save £1.00. Was £5.50,"Baby, Child & Parent"
478248,Aptamil Advance 2 Follow On Milk Ready To Feed,G,true,342,https://ecom-su-static-prod.wtrecom.com/images/products/3/LN_478248_BP_3.jpg,https://www.waitrose.com/ecom/products/aptamil-advance-2-follow-on-milk-ready-to-feed/478248-611146-611147,Aptamil Advance 2 Follow On Milk Ready To Feed,200ml,£1.50,75p/100ml,Add 3 for £3.50,"Baby, Child & Parent"
476075,Aptamil Comfort First Infant Milk 0-12 Months,G,false,343,https://ecom-su-static-prod.wtrecom.com/images/products/3/LN_476075_BP_3.jpg,https://www.waitrose.com/ecom/products/aptamil-comfort-first-infant-milk-0-12-months/476075-67185-67186,Aptamil Comfort First Infant Milk 0-12 Months,800g,£18.00,£22.50/kg,,"Baby, Child & Parent"
474188,Ella's Kitchen Strawberry Raspberry Porridge,G,false,344,https://ecom-su-static-prod.wtrecom.com/images/products/3/LN_474188_BP_3.jpg,https://www.waitrose.com/ecom/products/ellas-kitchen-strawberry-raspberry-porridge/474188-488437-488438,Ella's Kitchen Strawberry Raspberry Porridge,175g,£2.60,£1.49/100g,,"Baby, Child & Parent"
474026,HiPP 2 Follow On Milk,G,false,345,https://ecom-su-static-prod.wtrecom.com/images/products/3/LN_474026_BP_3.jpg,https://www.waitrose.com/ecom/products/hipp-2-follow-on-milk/474026-66859-66860,HiPP 2 Follow On Milk,800g,£14.20,£17.75/kg,,"Baby, Child & Parent"
470997,Johnson's Top-to-Toe Baby Bath,G,true,346,https://ecom-su-static-prod.wtrecom.com/images/products/3/LN_470997_BP_3.jpg,https://www.waitrose.com/ecom/products/johnsons-top-to-toe-baby-bath/470997-498379-498380,Johnson's Top-to-Toe Baby Bath,500ml,£2.36,47.2p/100ml,25% Off. Was £3.15,"Baby, Child & Parent"
469971,Ella's Kitchen Beef Stew with Spuds,G,true,347,https://ecom-su-static-prod.wtrecom.com/images/products/3/LN_469971_BP_3.jpg,https://www.waitrose.com/ecom/products/ellas-kitchen-beef-stew-with-spuds/469971-134503-134504,Ella's Kitchen Beef Stew with Spuds,130g,£1.80,£1.39/100g,Add 5 for £7,"Baby, Child & Parent"
469424,Piccolo Squash Mac & Cheese,G,false,348,https://ecom-su-static-prod.wtrecom.com/images/products/3/LN_469424_BP_3.jpg,https://www.waitrose.com/ecom/products/piccolo-squash-mac-cheese/469424-655341-655342,Piccolo Squash Mac & Cheese,130g,£2.00,£1.54/100g,,"Baby, Child & Parent"
468977,Pampers Premium Protection Nappies Size 5,G,false,349,https://ecom-su-static-prod.wtrecom.com/images/products/3/LN_468977_BP_3.jpg,https://www.waitrose.com/ecom/products/pampers-premium-protection-nappies-size-5/468977-743696-743697,Pampers Premium Protection Nappies Size 5,32Each,£11.00,34.4p each,,"Baby, Child & Parent"
466782,Kiddylicious 10 Strawberry Wafers,G,false,350,https://ecom-su-static-prod.wtrecom.com/images/products/3/LN_466782_BP_3.jpg,https://www.waitrose.com/ecom/products/kiddylicious-10-strawberry-wafers/466782-690042-690043,Kiddylicious 10 Strawberry Wafers,40g,£2.65,£66.25/kg,,"Baby, Child & Parent"
465918,Childs Farm 3 in 1 Swim,G,false,351,https://ecom-su-static-prod.wtrecom.com/images/products/3/LN_465918_BP_3.jpg,https://www.waitrose.com/ecom/products/childs-farm-3-in-1-swim/465918-429379-429380,Childs Farm 3 in 1 Swim,250ml,£4.75,£1.90/100ml,,"Baby, Child & Parent"
463709,Aptamil Anti-Reflux First Infant Milk 0-12 Months,G,false,352,https://ecom-su-static-prod.wtrecom.com/images/products/3/LN_463709_BP_3.jpg,https://www.waitrose.com/ecom/products/aptamil-anti-reflux-first-infant-milk-0-12-months/463709-406306-406307,Aptamil Anti-Reflux First Infant Milk 0-12 Months,800g,£18.00,£22.50/kg,,"Baby, Child & Parent"
460896,Kendamil Goat Toddler Milk 12-36m,G,false,353,https://ecom-su-static-prod.wtrecom.com/images/products/3/LN_460896_BP_3.jpg,https://www.waitrose.com/ecom/products/kendamil-goat-toddler-milk-12-36m/460896-743686-743687,Kendamil Goat Toddler Milk 12-36m,800g,£21.00,£2.63/100g,,"Baby, Child & Parent"
458805,Bathtime Buddies Fun Sponge,G,false,354,https://ecom-su-static-prod.wtrecom.com/images/products/3/LN_458805_BP_3.jpg,https://www.waitrose.com/ecom/products/bathtime-buddies-fun-sponge/458805-603628-603629,Bathtime Buddies Fun Sponge,each,£2.00,£2 each,,"Baby, Child & Parent"
457542,Nurofen for Children Strawberry Liquid Ibuprofen,G,false,355,https://ecom-su-static-prod.wtrecom.com/images/products/3/LN_457542_BP_3.jpg,https://www.waitrose.com/ecom/products/nurofen-for-children-strawberry-liquid-ibuprofen/457542-64481-64482,Nurofen for Children Strawberry Liquid Ibuprofen,100ml,£4.70,£4.70/100ml,,"Baby, Child & Parent"
456698,Ella's Kitchen Organic Mango Rice Pudding 7+ Months,G,false,356,https://ecom-su-static-prod.wtrecom.com/images/products/3/LN_456698_BP_3.jpg,https://www.waitrose.com/ecom/products/ellas-kitchen-organic-mango-rice-pudding-7-months/456698-509192-509193,Ella's Kitchen Organic Mango Rice Pudding 7+ Months,4x80g,£2.35,73.4p/100g,,"Baby, Child & Parent"
450886,Flying Whistle Ball,G,false,357,https://ecom-su-static-prod.wtrecom.com/images/products/3/LN_450886_BP_3.jpg,https://www.waitrose.com/ecom/products/flying-whistle-ball/450886-802708-802709,Flying Whistle Ball,each,£4.99,£4.99 each,,"Baby, Child & Parent"
441513,Ella's Kitchen Dairy Free Rice Pudding,G,true,358,https://ecom-su-static-prod.wtrecom.com/images/products/3/LN_441513_BP_3.jpg,https://www.waitrose.com/ecom/products/ellas-kitchen-dairy-free-rice-pudding/441513-723649-723650,Ella's Kitchen Dairy Free Rice Pudding,80g,£1.75,£2.19/100g,Add 5 for £7,"Baby, Child & Parent"
428625,TT Closer To Nature Replacement Filter,G,false,359,https://ecom-su-static-prod.wtrecom.com/images/products/3/LN_428625_BP_3.jpg,https://www.waitrose.com/ecom/products/tt-closer-to-nature-replacement-filter/428625-597453-597454,TT Closer To Nature Replacement Filter,each,£11.99,£11.99 each,,"Baby, Child & Parent"
424250,Ella's Kitchen Chicken Curry,G,false,360,https://ecom-su-static-prod.wtrecom.com/images/products/3/LN_424250_BP_3.jpg,https://www.waitrose.com/ecom/products/ellas-kitchen-chicken-curry/424250-791453-791454,Ella's Kitchen Chicken Curry,190g,£2.20,£1.16/100g,,"Baby, Child & Parent"
422167,Munchkin Stay-Put Suction Bowls,G,false,361,https://ecom-su-static-prod.wtrecom.com/images/products/3/LN_422167_BP_3.jpg,https://www.waitrose.com/ecom/products/munchkin-stay-put-suction-bowls/422167-326722-326723,Munchkin Stay-Put Suction Bowls,3s,£10.99,£3.67 each,,"Baby, Child & Parent"
419092,HiPP 1 First Infant Milk,G,false,362,https://ecom-su-static-prod.wtrecom.com/images/products/3/LN_419092_BP_3.jpg,https://www.waitrose.com/ecom/products/hipp-1-first-infant-milk/419092-58939-58940,HiPP 1 First Infant Milk,800g,£13.50,£16.88/kg,,"Baby, Child & Parent"
415634,Splash Attack Water Shooter,G,false,363,https://ecom-su-static-prod.wtrecom.com/images/products/3/LN_415634_BP_3.jpg,https://www.waitrose.com/ecom/products/splash-attack-water-shooter/415634-576547-576548,Splash Attack Water Shooter,each,£1.99,£1.99 each,,"Baby, Child & Parent"
415633,Cow & Gate Follow-On Milk,G,false,364,https://ecom-su-static-prod.wtrecom.com/images/products/3/LN_415633_BP_3.jpg,https://www.waitrose.com/ecom/products/cow-gate-follow-on-milk/415633-655215-655216,Cow & Gate Follow-On Milk,4x200ml,£3.85,£4.82/litre,,"Baby, Child & Parent"
408914,Kendamil Goat First Infant Milk 0-6M,G,false,365,https://ecom-su-static-prod.wtrecom.com/images/products/3/LN_408914_BP_3.jpg,https://www.waitrose.com/ecom/products/kendamil-goat-first-infant-milk-0-6m/408914-743630-743631,Kendamil Goat First Infant Milk 0-6M,800g,£20.50,£2.57/100g,,"Baby, Child & Parent"
399268,HiPP 1-3 years Spaghetti Bolognese,G,false,366,https://ecom-su-static-prod.wtrecom.com/images/products/3/LN_399268_BP_3.jpg,https://www.waitrose.com/ecom/products/hipp-1-3-years-spaghetti-bolognese/399268-115673-115674,HiPP 1-3 years Spaghetti Bolognese,230g,£2.20,95.7p/100g,,"Baby, Child & Parent"
372304,Hedrin Once Spray Gel,G,false,367,https://ecom-su-static-prod.wtrecom.com/images/products/3/LN_372304_BP_3.jpg,https://www.waitrose.com/ecom/products/hedrin-once-spray-gel/372304-131549-131550,Hedrin Once Spray Gel,60ml,£10.00,£16.67/100ml,,"Baby, Child & Parent"
368735,Ella's Kitchen Pears Apples & Baby Rice,G,false,368,https://ecom-su-static-prod.wtrecom.com/images/products/3/LN_368735_BP_3.jpg,https://www.waitrose.com/ecom/products/ellas-kitchen-pears-apples-baby-rice/368735-115595-115596,Ella's Kitchen Pears Apples & Baby Rice,120g,£1.35,£1.13/100g,,"Baby, Child & Parent"
274382,Kiddylicious Apple & Carrot Melty Buttons 9+ Months,G,false,369,https://ecom-su-static-prod.wtrecom.com/images/products/3/LN_274382_BP_3.jpg,https://www.waitrose.com/ecom/products/kiddylicious-apple-carrot-melty-buttons-9-months/274382-826042-826043,Kiddylicious Apple & Carrot Melty Buttons 9+ Months,5x6g,£2.80,£9.34/100g,,"Baby, Child & Parent"
256547,Ella's Kitchen Strawberry & Blackcurrant Summer Pudding,G,false,370,https://ecom-su-static-prod.wtrecom.com/images/products/3/LN_256547_BP_3.jpg,https://www.waitrose.com/ecom/products/ellas-kitchen-strawberry-blackcurrant-summer-pudding/256547-826036-826037,Ella's Kitchen Strawberry & Blackcurrant Summer Pudding,4x80g,£2.25,70.3p/100g,,"Baby, Child & Parent"
093880,Aptamil 1 First Infant Milk,G,false,371,https://ecom-su-static-prod.wtrecom.com/images/products/3/LN_093880_BP_3.jpg,https://www.waitrose.com/ecom/products/aptamil-1-first-infant-milk/093880-48186-48187,Aptamil 1 First Infant Milk,200ml,£1.20,£6/litre,,"Baby, Child & Parent"
091804,Aptamil 2 Follow On Milk,G,true,372,https://ecom-su-static-prod.wtrecom.com/images/products/3/LN_091804_BP_3.jpg,https://www.waitrose.com/ecom/products/aptamil-2-follow-on-milk/091804-47266-47267,Aptamil 2 Follow On Milk,200ml,£1.25,£6.25/litre,Add 3 for £2.80,"Baby, Child & Parent"
091700,Johnson's Baby Lotion,G,true,373,https://ecom-su-static-prod.wtrecom.com/images/products/3/LN_091700_BP_3.jpg,https://www.waitrose.com/ecom/products/johnsons-baby-lotion/091700-47224-47225,Johnson's Baby Lotion,500ml,£2.36,47.2p/100ml,25% Off. Was £3.15,"Baby, Child & Parent"
083423,HiPP Baby Rice,G,false,374,https://ecom-su-static-prod.wtrecom.com/images/products/3/LN_083423_BP_3.jpg,https://www.waitrose.com/ecom/products/hipp-baby-rice/083423-42369-42370,HiPP Baby Rice,160g,£2.65,£1.66/100g,,"Baby, Child & Parent"
080232,Cow & Gate Growing Up Milk Ready To Use,G,true,375,https://ecom-su-static-prod.wtrecom.com/images/products/3/LN_080232_BP_3.jpg,https://www.waitrose.com/ecom/products/cow-gate-growing-up-milk-ready-to-use/080232-40792-40793,Cow & Gate Growing Up Milk Ready To Use,200ml,95p,£4.75/litre,Add 3 for £2.15,"Baby, Child & Parent"
076711,Waitrose Fragranced Toddler Wipes,G,false,376,https://ecom-su-static-prod.wtrecom.com/images/products/3/LN_076711_BP_3.jpg,https://www.waitrose.com/ecom/products/waitrose-fragranced-toddler-wipes/076711-39010-39011,Waitrose Fragranced Toddler Wipes,60s,80p,1.3p each,,"Baby, Child & Parent"
075028,Pregnacare Original Tablets,G,false,377,https://ecom-su-static-prod.wtrecom.com/images/products/3/LN_075028_BP_3.jpg,https://www.waitrose.com/ecom/products/pregnacare-original-tablets/075028-38048-38049,Pregnacare Original Tablets,30s,£4.20,14p each,,"Baby, Child & Parent"
074855,Huggies Little Swimmers Size 3-4 Swim nappies,G,true,378,https://ecom-su-static-prod.wtrecom.com/images/products/3/LN_074855_BP_3.jpg,https://www.waitrose.com/ecom/products/huggies-little-swimmers-size-3-4-swim-nappies/074855-37974-37975,Huggies Little Swimmers Size 3-4 Swim nappies,12s,£4.50,37.5p each,save £1.00. Was £5.50,"Baby, Child & Parent"
074677,Huggies DryNites Pyjama Pants Girl 8-15 yrs,G,false,379,https://ecom-su-static-prod.wtrecom.com/images/products/3/LN_074677_BP_3.jpg,https://www.waitrose.com/ecom/products/huggies-drynites-pyjama-pants-girl-8-15-yrs/074677-37894-37895,Huggies DryNites Pyjama Pants Girl 8-15 yrs,9s,£5.50,61.1p each,,"Baby, Child & Parent"
065122,Calpol Six Plus Fastmelts,G,false,380,https://ecom-su-static-prod.wtrecom.com/images/products/3/LN_065122_BP_3.jpg,https://www.waitrose.com/ecom/products/calpol-six-plus-fastmelts/065122-32998-32999,Calpol Six Plus Fastmelts,12s,£4.85,40.4p each,,"Baby, Child & Parent"
062055,Eco By Naty Pants 16+kg size 6,G,false,381,https://ecom-su-static-prod.wtrecom.com/images/products/3/LN_062055_BP_3.jpg,https://www.waitrose.com/ecom/products/eco-by-naty-pants-16kg-size-6/062055-31445-31446,Eco By Naty Pants 16+kg size 6,18s,£8.50,47.2p each,,"Baby, Child & Parent"
061787,Milton 28 Sterilising Tablets,G,false,382,https://ecom-su-static-prod.wtrecom.com/images/products/3/LN_061787_BP_3.jpg,https://www.waitrose.com/ecom/products/milton-28-sterilising-tablets/061787-31328-31329,Milton 28 Sterilising Tablets,112g,£3.60,£3.22/100g,,"Baby, Child & Parent"
047925,Huggies DryNites Pyjama Pants Boy 8-15 yrs,G,false,383,https://ecom-su-static-prod.wtrecom.com/images/products/3/LN_047925_BP_3.jpg,https://www.waitrose.com/ecom/products/huggies-drynites-pyjama-pants-boy-8-15-yrs/047925-23735-23736,Huggies DryNites Pyjama Pants Boy 8-15 yrs,9s,£5.50,61.1p each,,"Baby, Child & Parent"
047037,Lansinoh For HPa Lanolin,G,true,384,https://ecom-su-static-prod.wtrecom.com/images/products/3/LN_047037_BP_3.jpg,https://www.waitrose.com/ecom/products/lansinoh-for-hpa-lanolin/047037-23234-23235,Lansinoh For HPa Lanolin,40ml,£9.68,£24.20/100ml,20% Off. Was £12.10,"Baby, Child & Parent"
045926,Johnson's Baby Oil,G,true,385,https://ecom-su-static-prod.wtrecom.com/images/products/3/LN_045926_BP_3.jpg,https://www.waitrose.com/ecom/products/johnsons-baby-oil/045926-22615-22616,Johnson's Baby Oil,500ml,£3.15,63p/100ml,25% Off. Was £4.20,"Baby, Child & Parent"
041349,Cow & Gate 1 First Milk Ready To Feed,G,false,386,https://ecom-su-static-prod.wtrecom.com/images/products/3/LN_041349_BP_3.jpg,https://www.waitrose.com/ecom/products/cow-gate-1-first-milk-ready-to-feed/041349-20468-20469,Cow & Gate 1 First Milk Ready To Feed,200ml,£1.00,£5/litre,,"Baby, Child & Parent"
039452,Eco By Naty Nappies 4-9kg Size 3,G,false,387,https://ecom-su-static-prod.wtrecom.com/images/products/3/LN_039452_BP_3.jpg,https://www.waitrose.com/ecom/products/eco-by-naty-nappies-4-9kg-size-3/039452-19549-19550,Eco By Naty Nappies 4-9kg Size 3,30s,£7.40,24.7p each,,"Baby, Child & Parent"
036646,Eco By Naty Pants 12-18kg Size 5,G,false,388,https://ecom-su-static-prod.wtrecom.com/images/products/3/LN_036646_BP_3.jpg,https://www.waitrose.com/ecom/products/eco-by-naty-pants-12-18kg-size-5/036646-18360-18361,Eco By Naty Pants 12-18kg Size 5,20s,£8.50,42.5p each,,"Baby, Child & Parent"
036365,Eco By Naty Nappies 3-6kg Size 2,G,false,389,https://ecom-su-static-prod.wtrecom.com/images/products/3/LN_036365_BP_3.jpg,https://www.waitrose.com/ecom/products/eco-by-naty-nappies-3-6kg-size-2/036365-18223-18224,Eco By Naty Nappies 3-6kg Size 2,33s,£7.40,22.4p each,,"Baby, Child & Parent"
035893,Johnson's Baby Bath Bedtime,G,true,390,https://ecom-su-static-prod.wtrecom.com/images/products/3/LN_035893_BP_3.jpg,https://www.waitrose.com/ecom/products/johnsons-baby-bath-bedtime/035893-18034-18035,Johnson's Baby Bath Bedtime,500ml,£2.77,55.4p/100ml,25% Off. Was £3.70,"Baby, Child & Parent"
034874,Eco By Naty Pants 8-15kg Size 4,G,false,391,https://ecom-su-static-prod.wtrecom.com/images/products/3/LN_034874_BP_3.jpg,https://www.waitrose.com/ecom/products/eco-by-naty-pants-8-15kg-size-4/034874-17591-17592,Eco By Naty Pants 8-15kg Size 4,22s,£8.50,38.6p each,,"Baby, Child & Parent"
032129,Cow & Gate 1 First Milk Powder,G,false,392,https://ecom-su-static-prod.wtrecom.com/images/products/3/LN_032129_BP_3.jpg,https://www.waitrose.com/ecom/products/cow-gate-1-first-milk-powder/032129-15665-15666,Cow & Gate 1 First Milk Powder,800g,£10.50,£13.13/kg,,"Baby, Child & Parent"
032128,Cow & Gate 2 Follow On Milk Powder,G,false,393,https://ecom-su-static-prod.wtrecom.com/images/products/3/LN_032128_BP_3.jpg,https://www.waitrose.com/ecom/products/cow-gate-2-follow-on-milk-powder/032128-15663-15664,Cow & Gate 2 Follow On Milk Powder,800g,£10.00,£12.50/kg,,"Baby, Child & Parent"
032062,Aptamil 2 Follow On Milk,G,false,394,https://ecom-su-static-prod.wtrecom.com/images/products/3/LN_032062_BP_3.jpg,https://www.waitrose.com/ecom/products/aptamil-2-follow-on-milk/032062-15633-15634,Aptamil 2 Follow On Milk,800g,£13.50,£16.88/kg,,"Baby, Child & Parent"
025609,Clearblue Pregnancy Test,G,false,395,https://ecom-su-static-prod.wtrecom.com/images/products/3/LN_025609_BP_3.jpg,https://www.waitrose.com/ecom/products/clearblue-pregnancy-test/025609-12494-12495,Clearblue Pregnancy Test,2s,£10.70,£5.35 each,,"Baby, Child & Parent"
025173,Benadryl Allergy Children's 6+,G,false,396,https://ecom-su-static-prod.wtrecom.com/images/products/3/LN_025173_BP_3.jpg,https://www.waitrose.com/ecom/products/benadryl-allergy-childrens-6/025173-12216-12217,Benadryl Allergy Children's 6+,70ml,£6.30,£9/100ml,,"Baby, Child & Parent"
014382,Huggies DryNites Pyjama Pants Girl 4-7yrs,G,false,397,https://ecom-su-static-prod.wtrecom.com/images/products/3/LN_014382_BP_3.jpg,https://www.waitrose.com/ecom/products/huggies-drynites-pyjama-pants-girl-4-7yrs/014382-6910-6911,Huggies DryNites Pyjama Pants Girl 4-7yrs,10s,£5.50,55p each,,"Baby, Child & Parent"
008672,Nelsons Teetha Teething Granules,G,false,398,https://ecom-su-static-prod.wtrecom.com/images/products/3/LN_008672_BP_3.jpg,https://www.waitrose.com/ecom/products/nelsons-teetha-teething-granules/008672-4129-4130,Nelsons Teetha Teething Granules,24s,£5.80,24.2p each,,"Baby, Child & Parent"
006024,Eco By Naty Nappies 2-5kg Size 1,G,false,399,https://ecom-su-static-prod.wtrecom.com/images/products/3/LN_006024_BP_3.jpg,https://www.waitrose.com/ecom/products/eco-by-naty-nappies-2-5kg-size-1/006024-2626-2627,Eco By Naty Nappies 2-5kg Size 1,25s,£7.30,29.2p each,,"Baby, Child & Parent"
003079,Weleda Calendula Nappy Change Cream,G,false,400,https://ecom-su-static-prod.wtrecom.com/images/products/3/LN_003079_BP_3.jpg,https://www.waitrose.com/ecom/products/weleda-calendula-nappy-change-cream/003079-1138-1139,Weleda Calendula Nappy Change Cream,75ml,£7.90,£10.54/100ml,,"Baby, Child & Parent"
002488,Huggies Little Swimmers Size 5-6 Swim nappies,G,true,401,https://ecom-su-static-prod.wtrecom.com/images/products/3/LN_002488_BP_3.jpg,https://www.waitrose.com/ecom/products/huggies-little-swimmers-size-5-6-swim-nappies/002488-826-827,Huggies Little Swimmers Size 5-6 Swim nappies,11s,£4.50,40.9p each,save £1.00. Was £5.50,"Baby, Child & Parent"
410436,Dettol Anti-Bac Surface Cleanser Spray,G,false,402,https://ecom-su-static-prod.wtrecom.com/images/products/3/LN_410436_BP_3.jpg,https://www.waitrose.com/ecom/products/dettol-anti-bac-surface-cleanser-spray/410436-526412-526413,Dettol Anti-Bac Surface Cleanser Spray,750ml,£2.50,£3.34/litre,,"Baby, Child & Parent"
036953,Comfort Pure Fabric Conditioner for sensitive skin,G,false,403,https://ecom-su-static-prod.wtrecom.com/images/products/3/LN_036953_BP_3.jpg,https://www.waitrose.com/ecom/products/comfort-pure-fabric-conditioner-for-sensitive-skin/036953-18497-18498,Comfort Pure Fabric Conditioner for sensitive skin,990ml,£3.00,£3.04/litre,,"Baby, Child & Parent"
513494,Fairy Non Bio Washing Capsules,G,true,404,https://ecom-su-static-prod.wtrecom.com/images/products/3/LN_513494_BP_3.jpg,https://www.waitrose.com/ecom/products/fairy-non-bio-washing-capsules/513494-271169-271170,Fairy Non Bio Washing Capsules,33Each,£7.50,22.7p each,25% Off. Was £10.00,"Baby, Child & Parent"
814747,Comfort Pure Fabric Conditioner for Sensitive Skin Large,G,true,405,https://ecom-su-static-prod.wtrecom.com/images/products/3/LN_814747_BP_3.jpg,https://www.waitrose.com/ecom/products/comfort-pure-fabric-conditioner-for-sensitive-skin-large/814747-162219-162220,Comfort Pure Fabric Conditioner for Sensitive Skin Large,2490ml,£3.95,£1.59/litre,save £1.05. Was £5.00,"Baby, Child & Parent"
446601,Persil Non Bio Washing Liquid Detergent 35W,G,true,406,https://ecom-su-static-prod.wtrecom.com/images/products/3/LN_446601_BP_3.jpg,https://www.waitrose.com/ecom/products/persil-non-bio-washing-liquid-detergent-35w/446601-134863-134864,Persil Non Bio Washing Liquid Detergent 35W,945ml,£5.00,£5.30/litre,save £2.00. Was £7.00,"Baby, Child & Parent"
483159,Fairy Fabric Conditioner for Sensitive Skin,G,true,407,https://ecom-su-static-prod.wtrecom.com/images/products/3/LN_483159_BP_3.jpg,https://www.waitrose.com/ecom/products/fairy-fabric-conditioner-for-sensitive-skin/483159-363255-363256,Fairy Fabric Conditioner for Sensitive Skin,1.15litre,£2.50,£2.18/litre,save 75p. Was £3.25,"Baby, Child & Parent"
494313,Fairy Non Bio Washing Liquid,G,true,408,https://ecom-su-static-prod.wtrecom.com/images/products/3/LN_494313_BP_3.jpg,https://www.waitrose.com/ecom/products/fairy-non-bio-washing-liquid/494313-287932-287933,Fairy Non Bio Washing Liquid,1155ml,£6.00,£5.20/litre,25% Off. Was £8.00,"Baby, Child & Parent"
878822,Dettol Antibacterial Laundry Sanitiser Cotton,G,true,409,https://ecom-su-static-prod.wtrecom.com/images/products/3/LN_878822_BP_3.jpg,https://www.waitrose.com/ecom/products/dettol-antibacterial-laundry-sanitiser-cotton/878822-298893-298894,Dettol Antibacterial Laundry Sanitiser Cotton,1.5litre,£4.00,£2.67/litre,save 75p. Was £4.75,"Baby, Child & Parent"
467953,Fairy Non Bio Washing Powder,G,true,410,https://ecom-su-static-prod.wtrecom.com/images/products/3/LN_467953_BP_3.jpg,https://www.waitrose.com/ecom/products/fairy-non-bio-washing-powder/467953-327010-327011,Fairy Non Bio Washing Powder,2.4Kg,£9.00,£3.75/kg,20% Off. Was £11.25,"Baby, Child & Parent"
849067,Comfort Ultimate Care Concentrated Pure Fabric Conditioner 58W,G,false,411,https://ecom-su-static-prod.wtrecom.com/images/products/3/LN_849067_BP_3.jpg,https://www.waitrose.com/ecom/products/comfort-ultimate-care-concentrated-pure-fabric-conditioner-58w/849067-523160-523161,Comfort Ultimate Care Concentrated Pure Fabric Conditioner 58W,870ml,£5.25,£6.04/litre,,"Baby, Child & Parent"
502978,Fairy Fabric Conditioner for Sensitive Skin 80W,G,true,412,https://ecom-su-static-prod.wtrecom.com/images/products/3/LN_502978_BP_3.jpg,https://www.waitrose.com/ecom/products/fairy-fabric-conditioner-for-sensitive-skin-80w/502978-522322-522323,Fairy Fabric Conditioner for Sensitive Skin 80W,2.64litre,£4.75,£1.80/litre,save 55p. Was £5.30,"Baby, Child & Parent"
445816,Fairy Outdoorable Sensitive 55W,G,true,413,https://ecom-su-static-prod.wtrecom.com/images/products/3/LN_445816_BP_3.jpg,https://www.waitrose.com/ecom/products/fairy-outdoorable-sensitive-55w/445816-785678-785679,Fairy Outdoorable Sensitive 55W,770ml,£3.50,£4.55/litre,save £2.50. Was £6.00,"Baby, Child & Parent"
543704,Fairy Non Bio Gel Washing Liquid Gel,G,false,414,https://ecom-su-static-prod.wtrecom.com/images/products/3/LN_543704_BP_3.jpg,https://www.waitrose.com/ecom/products/fairy-non-bio-gel-washing-liquid-gel/543704-76864-76865,Fairy Non Bio Gel Washing Liquid Gel,858ml,£7.25,£8.45/litre,,"Baby, Child & Parent"
019177,Heinz Spaghetti & Sausages,G,true,415,https://ecom-su-static-prod.wtrecom.com/images/products/3/LN_019177_BP_3.jpg,https://www.waitrose.com/ecom/products/heinz-spaghetti-sausages/019177-9293-9294,Heinz Spaghetti & Sausages,400g,£2.00,£5/kg,Add 3 for £4.50,"Baby, Child & Parent"
517388,Tilda Kids Sunshine Vegetable Rice,G,false,416,https://ecom-su-static-prod.wtrecom.com/images/products/3/LN_517388_BP_3.jpg,https://www.waitrose.com/ecom/products/tilda-kids-sunshine-vegetable-rice/517388-187391-187392,Tilda Kids Sunshine Vegetable Rice,125g,£1.30,£10.40/kg,,"Baby, Child & Parent"
880314,Napisan Non Bio Laundry Stain Remover,G,false,417,https://ecom-su-static-prod.wtrecom.com/images/products/3/LN_880314_BP_3.jpg,https://www.waitrose.com/ecom/products/napisan-non-bio-laundry-stain-remover/880314-185319-185320,Napisan Non Bio Laundry Stain Remover,800g,£5.25,£6.57/kg,,"Baby, Child & Parent"
815684,Dettol Tru Clean Anti-Bac Biodegradable Pear Wipes,G,false,418,https://ecom-su-static-prod.wtrecom.com/images/products/3/LN_815684_BP_3.jpg,https://www.waitrose.com/ecom/products/dettol-tru-clean-anti-bac-biodegradable-pear-wipes/815684-762544-762545,Dettol Tru Clean Anti-Bac Biodegradable Pear Wipes,50s,£3.00,6p each,,"Baby, Child & Parent"
691951,Fairy Non Bio Platinum Washing Capsules 44W,G,false,419,https://ecom-su-static-prod.wtrecom.com/images/products/3/LN_691951_BP_3.jpg,https://www.waitrose.com/ecom/products/fairy-non-bio-platinum-washing-capsules-44w/691951-753032-753033,Fairy Non Bio Platinum Washing Capsules 44W,44s,£14.00,31.8p each,,"Baby, Child & Parent"
414936,Fairy Non-Biological Washing Liquid Pods 25W,G,false,420,https://ecom-su-static-prod.wtrecom.com/images/products/3/LN_414936_BP_3.jpg,https://www.waitrose.com/ecom/products/fairy-non-biological-washing-liquid-pods-25w/414936-58380-58381,Fairy Non-Biological Washing Liquid Pods 25W,25Each,£7.50,30p each,,"Baby, Child & Parent"
019139,Heinz Macaroni Cheese,G,true,421,https://ecom-su-static-prod.wtrecom.com/images/products/3/LN_019139_BP_3.jpg,https://www.waitrose.com/ecom/products/heinz-macaroni-cheese/019139-9257-9258,Heinz Macaroni Cheese,400g,£2.00,£5/kg,Add 3 for £4.50,"Baby, Child & Parent"
686492,Tilda Kids Cheese & Tomato Rice,G,false,422,https://ecom-su-static-prod.wtrecom.com/images/products/3/LN_686492_BP_3.jpg,https://www.waitrose.com/ecom/products/tilda-kids-cheese-tomato-rice/686492-187451-187452,Tilda Kids Cheese & Tomato Rice,125g,£1.30,£10.40/kg,,"Baby, Child & Parent"
873292,Fairy In-Wash Scent Booster,G,true,423,https://ecom-su-static-prod.wtrecom.com/images/products/3/LN_873292_BP_3.jpg,https://www.waitrose.com/ecom/products/fairy-in-wash-scent-booster/873292-785854-785855,Fairy In-Wash Scent Booster,320g,£5.00,£15.63/kg,Save 1/3. Was £7.50,"Baby, Child & Parent"
605818,Vanish Gold Carpet & Upholstery Cleaner Foam,G,false,424,https://ecom-su-static-prod.wtrecom.com/images/products/3/LN_605818_BP_3.jpg,https://www.waitrose.com/ecom/products/vanish-gold-carpet-upholstery-cleaner-foam/605818-489091-489092,Vanish Gold Carpet & Upholstery Cleaner Foam,600ml,£8.00,£13.34/litre,,"Baby, Child & Parent"
754331,Vanish Gold Carpet & Upholstery Cleaner Spray,G,false,425,https://ecom-su-static-prod.wtrecom.com/images/products/3/LN_754331_BP_3.jpg,https://www.waitrose.com/ecom/products/vanish-gold-carpet-upholstery-cleaner-spray/754331-489891-489892,Vanish Gold Carpet & Upholstery Cleaner Spray,500ml,£6.55,£13.10/litre,,"Baby, Child & Parent"
556053,Fairy Non Bio Platinum Washing Liquid 46W,G,true,426,https://ecom-su-static-prod.wtrecom.com/images/products/3/LN_556053_BP_3.jpg,https://www.waitrose.com/ecom/products/fairy-non-bio-platinum-washing-liquid-46w/556053-815234-815235,Fairy Non Bio Platinum Washing Liquid 46W,1.518litre,£8.00,£5.27/litre,20% Off. Was £10.00,"Baby, Child & Parent"
838808,Tilda Kids Vegetable & Wholegrain Rice,G,false,427,https://ecom-su-static-prod.wtrecom.com/images/products/3/LN_838808_BP_3.jpg,https://www.waitrose.com/ecom/products/tilda-kids-vegetable-wholegrain-rice/838808-187547-187548,Tilda Kids Vegetable & Wholegrain Rice,125g,£1.30,£10.40/kg,,"Baby, Child & Parent"
851491,BEAR Fruit Splits Strawberry & Apple 5x20g,G,false,428,https://ecom-su-static-prod.wtrecom.com/images/products/3/LN_851491_BP_3.jpg,https://www.waitrose.com/ecom/products/bear-fruit-splits-strawberry-apple-5x20g/851491-807931-807932,BEAR Fruit Splits Strawberry & Apple 5x20g,5x20g,£3.00,£3/100g,,"Baby, Child & Parent"
451710,Dettol Protect Wipes 50s,G,true,429,https://ecom-su-static-prod.wtrecom.com/images/products/3/LN_451710_BP_3.jpg,https://www.waitrose.com/ecom/products/dettol-protect-wipes-50s/451710-803282-803283,Dettol Protect Wipes 50s,50Sheet,£2.00,£4/100 sheets,save £1.15. Was £3.15,"Baby, Child & Parent"
