data-product-id,data-product-name,data-product-type,data-product-on-offer,data-product-index,image-url,product-page,product-name,product-size,item-price,price-per-unit,offer-description,category
053457,Essential British Free Range Semi-Skimmed Milk 4 Pints,G,false,1,https://ecom-su-static-prod.wtrecom.com/images/products/3/LN_053457_BP_3.jpg,https://www.waitrose.com/ecom/products/essential-british-free-range-semi-skimmed-milk-4-pints/053457-26759-26760,Essential British Free Range Semi-Skimmed Milk 4 Pints,2.272litre,£1.55,68.2p/litre,,Best of British
088067,Waitrose British Strawberries,G,true,2,https://ecom-su-static-prod.wtrecom.com/images/products/3/LN_088067_BP_3.jpg,https://www.waitrose.com/ecom/products/waitrose-british-strawberries/088067-372145-45059,Waitrose British Strawberries,400g,£3.00,£7.50/kg,Add 2 for £4,Best of British
053448,Essential British Free Range Semi-Skimmed Milk 2 Pints,G,false,3,https://ecom-su-static-prod.wtrecom.com/images/products/3/LN_053448_BP_3.jpg,https://www.waitrose.com/ecom/products/essential-british-free-range-semi-skimmed-milk-2-pints/053448-26749-26750,Essential British Free Range Semi-Skimmed Milk 2 Pints,1.136litre,£1.25,£1.11/litre,,Best of British
053404,Essential British Free Range Whole Milk 4 Pints,G,false,4,https://ecom-su-static-prod.wtrecom.com/images/products/3/LN_053404_BP_3.jpg,https://www.waitrose.com/ecom/products/essential-british-free-range-whole-milk-4-pints/053404-26711-26712,Essential British Free Range Whole Milk 4 Pints,2.272litre,£1.55,68.2p/litre,,Best of British
082926,Waitrose FR Mixed Size Eggs British Blacktail,G,false,5,https://ecom-su-static-prod.wtrecom.com/images/products/3/LN_082926_BP_3.jpg,https://www.waitrose.com/ecom/products/waitrose-fr-mixed-size-eggs-british-blacktail/082926-42143-42144,Waitrose FR Mixed Size Eggs British Blacktail,12s,£3.20,26.7p each,,Best of British
451045,Waitrose Mild Scottish Smoked Salmon,G,true,6,https://ecom-su-static-prod.wtrecom.com/images/products/3/LN_451045_BP_3.jpg,https://www.waitrose.com/ecom/products/waitrose-mild-scottish-smoked-salmon/451045-63564-63565,Waitrose Mild Scottish Smoked Salmon,100g,£5.50,£5.50/100g,Add 2 for £7.50,Best of British
085847,Waitrose Large British Blacktail Free Range Eggs,G,false,7,https://ecom-su-static-prod.wtrecom.com/images/products/3/LN_085847_BP_3.jpg,https://www.waitrose.com/ecom/products/waitrose-large-british-blacktail-free-range-eggs/085847-43794-43795,Waitrose Large British Blacktail Free Range Eggs,12s,£4.25,35.4p each,,Best of British
046207,Waitrose 2 Scottish Salmon Fillets,G,true,8,https://ecom-su-static-prod.wtrecom.com/images/products/3/LN_046207_BP_3.jpg,https://www.waitrose.com/ecom/products/waitrose-2-scottish-salmon-fillets/046207-22751-22752,Waitrose 2 Scottish Salmon Fillets,260g,£4.46,£17.16/kg,25% Off. Was £5.95,Best of British
062593,Cravendale Filtered Fresher for Longer Semi-Skimmed Milk Large,G,true,9,https://ecom-su-static-prod.wtrecom.com/images/products/3/LN_062593_BP_3.jpg,https://www.waitrose.com/ecom/products/cravendale-filtered-fresher-for-longer-semi-skimmed-milk-large/062593-31787-31788,Cravendale Filtered Fresher for Longer Semi-Skimmed Milk Large,2litre,£2.50,£1.25/litre,Add 2 for £4,Best of British
085704,Essential Cup Mushrooms,G,false,10,https://ecom-su-static-prod.wtrecom.com/images/products/3/LN_085704_BP_3.jpg,https://www.waitrose.com/ecom/products/essential-cup-mushrooms/085704-43729-43729,Essential Cup Mushrooms,300g,£1.00,£3.34/kg,,Best of British
004737,Waitrose British Blacktail FR Medium Eggs,G,false,11,https://ecom-su-static-prod.wtrecom.com/images/products/3/LN_004737_BP_3.jpg,https://www.waitrose.com/ecom/products/waitrose-british-blacktail-fr-medium-eggs/004737-2041-2042,Waitrose British Blacktail FR Medium Eggs,6s,£1.75,29.2p each,,Best of British
039809,Waitrose Eggs British Blacktail Free Range,G,false,12,https://ecom-su-static-prod.wtrecom.com/images/products/3/LN_039809_BP_3.jpg,https://www.waitrose.com/ecom/products/waitrose-eggs-british-blacktail-free-range/039809-19704-19705,Waitrose Eggs British Blacktail Free Range,6s,£2.60,43.3p each,,Best of British
486988,Essential Chicken Breast Fillets,G,false,13,https://ecom-su-static-prod.wtrecom.com/images/products/3/LN_486988_BP_3.jpg,https://www.waitrose.com/ecom/products/essential-chicken-breast-fillets/486988-707752-707753,Essential Chicken Breast Fillets,600g,£4.75,£7.92/kg,,Best of British
400260,Waitrose British Native Breed Beef Mince 12% Fat,G,true,14,https://ecom-su-static-prod.wtrecom.com/images/products/3/LN_400260_BP_3.jpg,https://www.waitrose.com/ecom/products/waitrose-british-native-breed-beef-mince-12-fat/400260-806217-806218,Waitrose British Native Breed Beef Mince 12% Fat,500g,£5.00,£10/kg,Add 3 for £12,Best of British
053403,Essential British Free Range Whole Milk 2 Pints,G,false,15,https://ecom-su-static-prod.wtrecom.com/images/products/3/LN_053403_BP_3.jpg,https://www.waitrose.com/ecom/products/essential-british-free-range-whole-milk-2-pints/053403-26709-26710,Essential British Free Range Whole Milk 2 Pints,1.136litre,£1.25,£1.11/litre,,Best of British
053446,Essential British Free Range Skimmed Milk 2 Pints,G,false,16,https://ecom-su-static-prod.wtrecom.com/images/products/3/LN_053446_BP_3.jpg,https://www.waitrose.com/ecom/products/essential-british-free-range-skimmed-milk-2-pints/053446-26745-26746,Essential British Free Range Skimmed Milk 2 Pints,1.136litre,£1.25,£1.11/litre,,Best of British
437574,No.1 Speciality British Strawberries,G,true,17,https://ecom-su-static-prod.wtrecom.com/images/products/3/LN_437574_BP_3.jpg,https://www.waitrose.com/ecom/products/no1-speciality-british-strawberries/437574-61584-61585,No.1 Speciality British Strawberries,365g,£4.00,£10.96/kg,Add 2 for £6,Best of British
053447,Essential British Free Range Semi-Skimmed Milk 1 Pint,G,false,18,https://ecom-su-static-prod.wtrecom.com/images/products/3/LN_053447_BP_3.jpg,https://www.waitrose.com/ecom/products/essential-british-free-range-semi-skimmed-milk-1-pint/053447-26747-26748,Essential British Free Range Semi-Skimmed Milk 1 Pint,568ml,95p,£1.68/litre,,Best of British
053924,Duchy Organic Homogenised Semi-Skimmed Milk 4 pints,G,false,19,https://ecom-su-static-prod.wtrecom.com/images/products/3/LN_053924_BP_3.jpg,https://www.waitrose.com/ecom/products/duchy-organic-homogenised-semi-skimmed-milk-4-pints/053924-27034-27035,Duchy Organic Homogenised Semi-Skimmed Milk 4 pints,2.272litre,£2.25,99p/litre,,Best of British
690849,Essential Chicken Breast Fillets 2,G,true,20,https://ecom-su-static-prod.wtrecom.com/images/products/3/LN_690849_BP_3.jpg,https://www.waitrose.com/ecom/products/essential-chicken-breast-fillets-2/690849-260860-260861,Essential Chicken Breast Fillets 2,380g,£4.40,£11.58/kg,Add 3 for £12,Best of British
053444,Essential British Free Range Skimmed Milk 4 Pints,G,false,21,https://ecom-su-static-prod.wtrecom.com/images/products/3/LN_053444_BP_3.jpg,https://www.waitrose.com/ecom/products/essential-british-free-range-skimmed-milk-4-pints/053444-26741-26742,Essential British Free Range Skimmed Milk 4 Pints,2.272litre,£1.55,68.2p/litre,,Best of British
017798,Waitrose Mixed Baby Tomatoes,G,false,22,https://ecom-su-static-prod.wtrecom.com/images/products/3/LN_017798_BP_3.jpg,https://www.waitrose.com/ecom/products/waitrose-mixed-baby-tomatoes/017798-8616-8617,Waitrose Mixed Baby Tomatoes,250g,£2.50,£10/kg,,Best of British
746702,Waitrose British Native Breed Beef Mince 5% Fat,G,false,23,https://ecom-su-static-prod.wtrecom.com/images/products/3/LN_746702_BP_3.jpg,https://www.waitrose.com/ecom/products/waitrose-british-native-breed-beef-mince-5-fat/746702-806251-806252,Waitrose British Native Breed Beef Mince 5% Fat,500g,£6.25,£12.50/kg,,Best of British
040593,Essential Chicken Mini Fillets,G,false,24,https://ecom-su-static-prod.wtrecom.com/images/products/3/LN_040593_BP_3.jpg,https://www.waitrose.com/ecom/products/essential-chicken-mini-fillets/040593-20051-20052,Essential Chicken Mini Fillets,400g,£3.50,£8.75/kg,,Best of British
809673,Waitrose Breaded Chunky Cod,G,true,25,https://ecom-su-static-prod.wtrecom.com/images/products/3/LN_809673_BP_3.jpg,https://www.waitrose.com/ecom/products/waitrose-breaded-chunky-cod/809673-689642-689643,Waitrose Breaded Chunky Cod,350g,£5.75,£16.43/kg,Add 3 for £12,Best of British
851405,Essential A Little Less Than Perfect British Strawberries,G,false,26,https://ecom-su-static-prod.wtrecom.com/images/products/3/LN_851405_BP_3.jpg,https://www.waitrose.com/ecom/products/essential-a-little-less-than-perfect-british-strawberries/851405-780015-780016,Essential A Little Less Than Perfect British Strawberries,250g,£1.70,£6.80/kg,,Best of British
697224,Waitrose British Native Breed Thin Cut Sirloin Steak,G,true,27,https://ecom-su-static-prod.wtrecom.com/images/products/3/LN_697224_BP_3.jpg,https://www.waitrose.com/ecom/products/waitrose-british-native-breed-thin-cut-sirloin-steak/697224-134133-134134,Waitrose British Native Breed Thin Cut Sirloin Steak,150g,£4.95,£33/kg,Add 3 for £12,Best of British
095692,Duchy Organic British Free Range Eggs Large,G,false,28,https://ecom-su-static-prod.wtrecom.com/images/products/3/LN_095692_BP_3.jpg,https://www.waitrose.com/ecom/products/duchy-organic-british-free-range-eggs-large/095692-49035-49036,Duchy Organic British Free Range Eggs Large,6s,£3.50,58.3p each,,Best of British
387945,Cravendale Filtered Fresher for Longer Semi-Skimmed Milk,G,false,29,https://ecom-su-static-prod.wtrecom.com/images/products/3/LN_387945_BP_3.jpg,https://www.waitrose.com/ecom/products/cravendale-filtered-fresher-for-longer-semi-skimmed-milk/387945-54524-54525,Cravendale Filtered Fresher for Longer Semi-Skimmed Milk,1litre,£1.60,£1.60/litre,,Best of British
018732,Duchy Organic Unhomogenised Whole Milk 4 Pints,G,false,30,https://ecom-su-static-prod.wtrecom.com/images/products/3/LN_018732_BP_3.jpg,https://www.waitrose.com/ecom/products/duchy-organic-unhomogenised-whole-milk-4-pints/018732-9053-9054,Duchy Organic Unhomogenised Whole Milk 4 Pints,2.272litre,£2.25,99p/litre,,Best of British
867143,Duchy Organic British Free Range Eggs,G,false,31,https://ecom-su-static-prod.wtrecom.com/images/products/3/LN_867143_BP_3.jpg,https://www.waitrose.com/ecom/products/duchy-organic-british-free-range-eggs/867143-373749-373750,Duchy Organic British Free Range Eggs,12s,£5.50,45.8p each,,Best of British
848695,Waitrose British Strawberries,G,true,32,https://ecom-su-static-prod.wtrecom.com/images/products/3/LN_848695_BP_3.jpg,https://www.waitrose.com/ecom/products/waitrose-british-strawberries/848695-344600-344601,Waitrose British Strawberries,600g,£2.85,£4.75/kg,25% Off. Was £3.80,Best of British
645021,Essential Large Whole Chicken,G,false,33,https://ecom-su-static-prod.wtrecom.com/images/products/3/LN_645021_BP_3.jpg,https://www.waitrose.com/ecom/products/essential-large-whole-chicken/645021-507910-507911,Essential Large Whole Chicken,1.75Kg,£5.25,£3/kg,,Best of British
004713,"Essential Chicken Thigh Fillets, Skinless & Boneless",G,false,34,https://ecom-su-static-prod.wtrecom.com/images/products/3/LN_004713_BP_3.jpg,https://www.waitrose.com/ecom/products/essential-chicken-thigh-fillets-skinless-boneless/004713-2027-2028,"Essential Chicken Thigh Fillets, Skinless & Boneless",Typical weight 0.56kg,£4.76 each est.,£8.50/kg,,Best of British
698580,Essential Chicken Breast Fillets,G,false,35,https://ecom-su-static-prod.wtrecom.com/images/products/3/LN_698580_BP_3.jpg,https://www.waitrose.com/ecom/products/essential-chicken-breast-fillets/698580-750402-750403,Essential Chicken Breast Fillets,1.2Kg,£7.95,£6.63/kg,,Best of British
737519,Waitrose 4 British Native Breed Beef Quarterpounders,G,true,36,https://ecom-su-static-prod.wtrecom.com/images/products/3/LN_737519_BP_3.jpg,https://www.waitrose.com/ecom/products/waitrose-4-british-native-breed-beef-quarterpounders/737519-104838-104839,Waitrose 4 British Native Breed Beef Quarterpounders,454g,£4.50,£9.92/kg,Add 3 for £12,Best of British
016390,Duchy Organic Homogenised Semi-Skimmed Milk 2 pints,G,false,37,https://ecom-su-static-prod.wtrecom.com/images/products/3/LN_016390_BP_3.jpg,https://www.waitrose.com/ecom/products/duchy-organic-homogenised-semi-skimmed-milk-2-pints/016390-7844-7845,Duchy Organic Homogenised Semi-Skimmed Milk 2 pints,1.136litre,£1.65,£1.46/litre,,Best of British
014520,Duchy Organic British Free Range Medium Eggs,G,false,38,https://ecom-su-static-prod.wtrecom.com/images/products/3/LN_014520_BP_3.jpg,https://www.waitrose.com/ecom/products/duchy-organic-british-free-range-medium-eggs/014520-6974-6975,Duchy Organic British Free Range Medium Eggs,6s,£2.75,45.8p each,,Best of British
025513,Cravendale Filtered Fresher for Longer Whole Milk Large,G,true,39,https://ecom-su-static-prod.wtrecom.com/images/products/3/LN_025513_BP_3.jpg,https://www.waitrose.com/ecom/products/cravendale-filtered-fresher-for-longer-whole-milk-large/025513-12430-12431,Cravendale Filtered Fresher for Longer Whole Milk Large,2litre,£2.50,£1.25/litre,Add 2 for £4,Best of British
085701,Essential Cup Mushrooms,G,false,40,https://ecom-su-static-prod.wtrecom.com/images/products/3/LN_085701_BP_3.jpg,https://www.waitrose.com/ecom/products/essential-cup-mushrooms/085701-372143-43723,Essential Cup Mushrooms,Typical weight 0.03kg,10p each est.,£3.25/kg,,Best of British
040136,Cathedral City Mature Cheddar Cheese,G,false,41,https://ecom-su-static-prod.wtrecom.com/images/products/3/LN_040136_BP_3.jpg,https://www.waitrose.com/ecom/products/cathedral-city-mature-cheddar-cheese/040136-19857-19858,Cathedral City Mature Cheddar Cheese,350g,£4.25,£12.15/kg,,Best of British
779803,Essential Extra Mature Cheddar Cheese Strength 6 Large,G,false,42,https://ecom-su-static-prod.wtrecom.com/images/products/3/LN_779803_BP_3.jpg,https://www.waitrose.com/ecom/products/essential-extra-mature-cheddar-cheese-strength-6-large/779803-382226-382227,Essential Extra Mature Cheddar Cheese Strength 6 Large,750g,£4.95,£6.60/kg,,Best of British
736290,Waitrose British Somerset Brie Cheese Strength 2,G,true,43,https://ecom-su-static-prod.wtrecom.com/images/products/3/LN_736290_BP_3.jpg,https://www.waitrose.com/ecom/products/waitrose-british-somerset-brie-cheese-strength-2/736290-202405-202406,Waitrose British Somerset Brie Cheese Strength 2,230g,£1.87,£8.14/kg,25% Off. Was £2.50,Best of British
085540,Duchy Organic Chestnut Mushrooms,G,false,44,https://ecom-su-static-prod.wtrecom.com/images/products/3/LN_085540_BP_3.jpg,https://www.waitrose.com/ecom/products/duchy-organic-chestnut-mushrooms/085540-43630-43631,Duchy Organic Chestnut Mushrooms,250g,£2.00,£8/kg,,Best of British
018294,Yeo Valley Organic Fresh Semi-Skimmed Milk,G,true,45,https://ecom-su-static-prod.wtrecom.com/images/products/3/LN_018294_BP_3.jpg,https://www.waitrose.com/ecom/products/yeo-valley-organic-fresh-semi-skimmed-milk/018294-8868-8869,Yeo Valley Organic Fresh Semi-Skimmed Milk,2litre,£2.65,£1.33/litre,Add 2 for £4.50,Best of British
859409,Duchy Organic British Beef Mince 12% Fat,G,false,46,https://ecom-su-static-prod.wtrecom.com/images/products/3/LN_859409_BP_3.jpg,https://www.waitrose.com/ecom/products/duchy-organic-british-beef-mince-12-fat/859409-806263-806264,Duchy Organic British Beef Mince 12% Fat,500g,£5.50,£11/kg,,Best of British
795374,Waitrose Hot Smoked Scottish Mackerel Fillets,G,true,47,https://ecom-su-static-prod.wtrecom.com/images/products/3/LN_795374_BP_3.jpg,https://www.waitrose.com/ecom/products/waitrose-hot-smoked-scottish-mackerel-fillets/795374-324846-324847,Waitrose Hot Smoked Scottish Mackerel Fillets,210g,£6.00,£28.58/kg,Add 3 for £12,Best of British
482510,Waitrose British Native Breed Diced Beef Braising Steak,G,true,48,https://ecom-su-static-prod.wtrecom.com/images/products/3/LN_482510_BP_3.jpg,https://www.waitrose.com/ecom/products/waitrose-british-native-breed-diced-beef-braising-steak/482510-806227-806228,Waitrose British Native Breed Diced Beef Braising Steak,400g,£4.60,£11.50/kg,Add 3 for £12,Best of British
806463,Essential British Beef Mince 12% Fat,G,false,49,https://ecom-su-static-prod.wtrecom.com/images/products/3/LN_806463_BP_3.jpg,https://www.waitrose.com/ecom/products/essential-british-beef-mince-12-fat/806463-806257-806258,Essential British Beef Mince 12% Fat,500g,£3.50,£7/kg,,Best of British
053407,Essential British Free Range Whole Milk 1 Pint,G,false,50,https://ecom-su-static-prod.wtrecom.com/images/products/3/LN_053407_BP_3.jpg,https://www.waitrose.com/ecom/products/essential-british-free-range-whole-milk-1-pint/053407-26715-26716,Essential British Free Range Whole Milk 1 Pint,568ml,95p,£1.68/litre,,Best of British
419853,Essential Mature Cheddar Cheese Strength 4,G,false,51,https://ecom-su-static-prod.wtrecom.com/images/products/3/LN_419853_BP_3.jpg,https://www.waitrose.com/ecom/products/essential-mature-cheddar-cheese-strength-4/419853-451506-451507,Essential Mature Cheddar Cheese Strength 4,350g,£2.60,£7.43/kg,,Best of British
010116,Yeo Valley Organic Fresh Semi-Skimmed Milk,G,true,52,https://ecom-su-static-prod.wtrecom.com/images/products/3/LN_010116_BP_3.jpg,https://www.waitrose.com/ecom/products/yeo-valley-organic-fresh-semi-skimmed-milk/010116-5038-5039,Yeo Valley Organic Fresh Semi-Skimmed Milk,1litre,£1.35,£1.35/litre,save 35p. Was £1.70,Best of British
085703,Waitrose Button Mushrooms,G,false,53,https://ecom-su-static-prod.wtrecom.com/images/products/3/LN_085703_BP_3.jpg,https://www.waitrose.com/ecom/products/waitrose-button-mushrooms/085703-43727-43727,Waitrose Button Mushrooms,200g,£1.45,£7.25/kg,,Best of British
721403,Essential Diced Chicken Breast,G,true,54,https://ecom-su-static-prod.wtrecom.com/images/products/3/LN_721403_BP_3.jpg,https://www.waitrose.com/ecom/products/essential-diced-chicken-breast/721403-389023-389024,Essential Diced Chicken Breast,418g,£4.60,£11.01/kg,Add 3 for £12,Best of British
445805,Essential British Beef Rump Steak,G,false,55,https://ecom-su-static-prod.wtrecom.com/images/products/3/LN_445805_BP_3.jpg,https://www.waitrose.com/ecom/products/essential-british-beef-rump-steak/445805-62758-62759,Essential British Beef Rump Steak,230g,£3.75,£16.31/kg,,Best of British
067651,Waitrose 4 Scottish Salmon Fillets,G,false,56,https://ecom-su-static-prod.wtrecom.com/images/products/3/LN_067651_BP_3.jpg,https://www.waitrose.com/ecom/products/waitrose-4-scottish-salmon-fillets/067651-34341-34342,Waitrose 4 Scottish Salmon Fillets,480g,£10.50,£21.88/kg,,Best of British
788701,Essential British Medium Chicken without Giblets,G,false,57,https://ecom-su-static-prod.wtrecom.com/images/products/3/LN_788701_BP_3.jpg,https://www.waitrose.com/ecom/products/essential-british-medium-chicken-without-giblets/788701-805140-805141,Essential British Medium Chicken without Giblets,1.5Kg,£4.50,£3/kg,,Best of British
624369,Essential Mature Cheddar Cheese Strength 4 Large,G,false,58,https://ecom-su-static-prod.wtrecom.com/images/products/3/LN_624369_BP_3.jpg,https://www.waitrose.com/ecom/products/essential-mature-cheddar-cheese-strength-4-large/624369-443782-443783,Essential Mature Cheddar Cheese Strength 4 Large,550g,£3.95,£7.19/kg,,Best of British
891354,Waitrose 24 British Native Breed Beef Meatballs,G,true,59,https://ecom-su-static-prod.wtrecom.com/images/products/3/LN_891354_BP_3.jpg,https://www.waitrose.com/ecom/products/waitrose-24-british-native-breed-beef-meatballs/891354-255724-255725,Waitrose 24 British Native Breed Beef Meatballs,400g,£4.95,£12.38/kg,Add 3 for £12,Best of British
628170,Essential 20% Fat British Beef Mince,G,false,60,https://ecom-su-static-prod.wtrecom.com/images/products/3/LN_628170_BP_3.jpg,https://www.waitrose.com/ecom/products/essential-20-fat-british-beef-mince/628170-726394-726395,Essential 20% Fat British Beef Mince,500g,£2.75,£5.50/kg,,Best of British
657141,No. 1 Cornish Quartz Vintage Reserve Mature Cheddar Cheese Strength 7,G,false,61,https://ecom-su-static-prod.wtrecom.com/images/products/3/LN_657141_BP_3.jpg,https://www.waitrose.com/ecom/products/no-1-cornish-quartz-vintage-reserve-mature-cheddar-cheese-strength-7/657141-677410-677411,No. 1 Cornish Quartz Vintage Reserve Mature Cheddar Cheese Strength 7,200g,£3.35,£16.75/kg,,Best of British
005067,Waitrose Mild Scottish Smoked Trout,G,true,62,https://ecom-su-static-prod.wtrecom.com/images/products/3/LN_005067_BP_3.jpg,https://www.waitrose.com/ecom/products/waitrose-mild-scottish-smoked-trout/005067-2181-2182,Waitrose Mild Scottish Smoked Trout,100g,£5.95,£5.95/100g,Add 3 for £12,Best of British
625639,Waitrose British Lamb Leg Steaks with Mint,G,false,63,https://ecom-su-static-prod.wtrecom.com/images/products/3/LN_625639_BP_3.jpg,https://www.waitrose.com/ecom/products/waitrose-british-lamb-leg-steaks-with-mint/625639-664985-664986,Waitrose British Lamb Leg Steaks with Mint,250g,£9.00,£36/kg,,Best of British
096067,Cravendale Filtered Fresher for Longer Skimmed Milk Large,G,true,64,https://ecom-su-static-prod.wtrecom.com/images/products/3/LN_096067_BP_3.jpg,https://www.waitrose.com/ecom/products/cravendale-filtered-fresher-for-longer-skimmed-milk-large/096067-49176-49177,Cravendale Filtered Fresher for Longer Skimmed Milk Large,2litre,£2.50,£1.25/litre,Add 2 for £4,Best of British
082835,Duchy Organic Unhomogenised Whole Milk 2 Pints,G,false,65,https://ecom-su-static-prod.wtrecom.com/images/products/3/LN_082835_BP_3.jpg,https://www.waitrose.com/ecom/products/duchy-organic-unhomogenised-whole-milk-2-pints/082835-42105-42106,Duchy Organic Unhomogenised Whole Milk 2 Pints,1.136litre,£1.65,£1.46/litre,,Best of British
859587,Waitrose British Beef Short Ribs,G,false,66,https://ecom-su-static-prod.wtrecom.com/images/products/3/LN_859587_BP_3.jpg,https://www.waitrose.com/ecom/products/waitrose-british-beef-short-ribs/859587-373721-373722,Waitrose British Beef Short Ribs,Typical weight 0.54kg,£4.90 each est.,£9.00/kg,,Best of British
461789,Waitrose Pork & Caramelised Onion Sausages,G,true,67,https://ecom-su-static-prod.wtrecom.com/images/products/3/LN_461789_BP_3.jpg,https://www.waitrose.com/ecom/products/waitrose-pork-caramelised-onion-sausages/461789-65076-65077,Waitrose Pork & Caramelised Onion Sausages,400g,£3.95,£9.88/kg,Add 2 for £5.75,Best of British
092330,Waitrose Red Chicory,G,false,68,https://ecom-su-static-prod.wtrecom.com/images/products/3/LN_092330_BP_3.jpg,https://www.waitrose.com/ecom/products/waitrose-red-chicory/092330-47503-47504,Waitrose Red Chicory,140g,£1.50,£10.72/kg,,Best of British
037885,Waitrose Blacktail Free Range Very Large Eggs,G,false,69,https://ecom-su-static-prod.wtrecom.com/images/products/3/LN_037885_BP_3.jpg,https://www.waitrose.com/ecom/products/waitrose-blacktail-free-range-very-large-eggs/037885-18905-18906,Waitrose Blacktail Free Range Very Large Eggs,6s,£2.95,49.2p each,,Best of British
087516,Yeo Valley Organic Fresh Whole Milk,G,true,70,https://ecom-su-static-prod.wtrecom.com/images/products/3/LN_087516_BP_3.jpg,https://www.waitrose.com/ecom/products/yeo-valley-organic-fresh-whole-milk/087516-44738-44739,Yeo Valley Organic Fresh Whole Milk,2litre,£2.65,£1.33/litre,Add 2 for £4.50,Best of British
085709,Waitrose Large Flat Mushrooms,G,false,71,https://ecom-su-static-prod.wtrecom.com/images/products/3/LN_085709_BP_3.jpg,https://www.waitrose.com/ecom/products/waitrose-large-flat-mushrooms/085709-43733-43733,Waitrose Large Flat Mushrooms,250g,£1.50,£6/kg,,Best of British
095410,Essential 12 Smoked British Bacon Streaky Rashers,G,false,72,https://ecom-su-static-prod.wtrecom.com/images/products/3/LN_095410_BP_3.jpg,https://www.waitrose.com/ecom/products/essential-12-smoked-british-bacon-streaky-rashers/095410-48885-48886,Essential 12 Smoked British Bacon Streaky Rashers,250g,£2.60,£10.40/kg,,Best of British
003011,No.1 Scottish Salmon Prime Fillet,G,false,73,https://ecom-su-static-prod.wtrecom.com/images/products/3/LN_003011_BP_3.jpg,https://www.waitrose.com/ecom/products/no1-scottish-salmon-prime-fillet/003011-1108-1109,No.1 Scottish Salmon Prime Fillet,500g,£12.95,£25.90/kg,,Best of British
037711,No.1 Free Range Corn Fed Chicken Breast Fillets 2,G,false,74,https://ecom-su-static-prod.wtrecom.com/images/products/3/LN_037711_BP_3.jpg,https://www.waitrose.com/ecom/products/no1-free-range-corn-fed-chicken-breast-fillets-2/037711-18825-18826,No.1 Free Range Corn Fed Chicken Breast Fillets 2,Typical weight 0.3kg,£5.99 each est.,£19.97/kg,,Best of British
580280,Waitrose Davidstow Cornish Vintage Mature Cheddar Cheese Strength 7 Large,G,true,75,https://ecom-su-static-prod.wtrecom.com/images/products/3/LN_580280_BP_3.jpg,https://www.waitrose.com/ecom/products/waitrose-davidstow-cornish-vintage-mature-cheddar-cheese-strength-7-large/580280-550030-550031,Waitrose Davidstow Cornish Vintage Mature Cheddar Cheese Strength 7 Large,550g,£4.31,£7.84/kg,25% Off. Was £5.75,Best of British
796466,Essential 10 Unsmoked British Bacon Rashers,G,false,76,https://ecom-su-static-prod.wtrecom.com/images/products/3/LN_796466_BP_3.jpg,https://www.waitrose.com/ecom/products/essential-10-unsmoked-british-bacon-rashers/796466-143216-143217,Essential 10 Unsmoked British Bacon Rashers,300g,£2.95,£9.84/kg,,Best of British
038197,Yeo Valley Organic Fresh Whole Milk,G,true,77,https://ecom-su-static-prod.wtrecom.com/images/products/3/LN_038197_BP_3.jpg,https://www.waitrose.com/ecom/products/yeo-valley-organic-fresh-whole-milk/038197-19062-19063,Yeo Valley Organic Fresh Whole Milk,1litre,£1.35,£1.35/litre,save 35p. Was £1.70,Best of British
085718,Waitrose Shiitake Mushrooms,G,false,78,https://ecom-su-static-prod.wtrecom.com/images/products/3/LN_085718_BP_3.jpg,https://www.waitrose.com/ecom/products/waitrose-shiitake-mushrooms/085718-43738-43739,Waitrose Shiitake Mushrooms,150g,£2.50,£16.67/kg,,Best of British
086513,No.1 Jack Hawkins Tomatoes,G,true,79,https://ecom-su-static-prod.wtrecom.com/images/products/3/LN_086513_BP_3.jpg,https://www.waitrose.com/ecom/products/no1-jack-hawkins-tomatoes/086513-44196-44197,No.1 Jack Hawkins Tomatoes,,£4.44,per kg,20% Off. Was £5.55,Best of British
044767,"Waitrose British Pork, Bramley Apple Sausages",G,true,80,https://ecom-su-static-prod.wtrecom.com/images/products/3/LN_044767_BP_3.jpg,https://www.waitrose.com/ecom/products/waitrose-british-pork-bramley-apple-sausages/044767-22100-22101,"Waitrose British Pork, Bramley Apple Sausages",400g,£3.95,£9.88/kg,Add 2 for £5.75,Best of British
411519,Duchy Organic English Salted Butter,G,false,81,https://ecom-su-static-prod.wtrecom.com/images/products/3/LN_411519_BP_3.jpg,https://www.waitrose.com/ecom/products/duchy-organic-english-salted-butter/411519-57914-57915,Duchy Organic English Salted Butter,250g,£3.25,£13/kg,,Best of British
070805,Duchy Organic Skimmed Milk 2 Pints,G,false,82,https://ecom-su-static-prod.wtrecom.com/images/products/3/LN_070805_BP_3.jpg,https://www.waitrose.com/ecom/products/duchy-organic-skimmed-milk-2-pints/070805-35887-35888,Duchy Organic Skimmed Milk 2 Pints,1.136litre,£1.65,£1.46/litre,,Best of British
655621,Waitrose Davidstow Cornish Vintage Mature Cheddar Cheese Strength 7,G,false,83,https://ecom-su-static-prod.wtrecom.com/images/products/3/LN_655621_BP_3.jpg,https://www.waitrose.com/ecom/products/waitrose-davidstow-cornish-vintage-mature-cheddar-cheese-strength-7/655621-451738-451739,Waitrose Davidstow Cornish Vintage Mature Cheddar Cheese Strength 7,350g,£4.25,£12.15/kg,,Best of British
428265,Essential 10 Smoked British Bacon Rashers,G,false,84,https://ecom-su-static-prod.wtrecom.com/images/products/3/LN_428265_BP_3.jpg,https://www.waitrose.com/ecom/products/essential-10-smoked-british-bacon-rashers/428265-142206-142207,Essential 10 Smoked British Bacon Rashers,300g,£2.95,£9.84/kg,,Best of British
680848,Waitrose 2 British Native Breed Rump Steak Beef Burgers,G,true,85,https://ecom-su-static-prod.wtrecom.com/images/products/3/LN_680848_BP_3.jpg,https://www.waitrose.com/ecom/products/waitrose-2-british-native-breed-rump-steak-beef-burgers/680848-691766-691767,Waitrose 2 British Native Breed Rump Steak Beef Burgers,300g,£4.40,£14.67/kg,Add 3 for £12,Best of British
553470,Essential Medium Cheddar Cheese Strength 3,G,false,86,https://ecom-su-static-prod.wtrecom.com/images/products/3/LN_553470_BP_3.jpg,https://www.waitrose.com/ecom/products/essential-medium-cheddar-cheese-strength-3/553470-451638-451639,Essential Medium Cheddar Cheese Strength 3,350g,£2.60,£7.43/kg,,Best of British
678069,Essential Extra Mature Grated Cheddar Cheese Strength 6,G,false,87,https://ecom-su-static-prod.wtrecom.com/images/products/3/LN_678069_BP_3.jpg,https://www.waitrose.com/ecom/products/essential-extra-mature-grated-cheddar-cheese-strength-6/678069-96313-96314,Essential Extra Mature Grated Cheddar Cheese Strength 6,250g,£2.80,£11.20/kg,,Best of British
011120,Cathedral City Extra Mature Cheddar Cheese,G,false,88,https://ecom-su-static-prod.wtrecom.com/images/products/3/LN_011120_BP_3.jpg,https://www.waitrose.com/ecom/products/cathedral-city-extra-mature-cheddar-cheese/011120-5524-5525,Cathedral City Extra Mature Cheddar Cheese,350g,£4.25,£12.15/kg,,Best of British
491280,Waitrose 4 British Pork Loin Steaks,G,false,89,https://ecom-su-static-prod.wtrecom.com/images/products/3/LN_491280_BP_3.jpg,https://www.waitrose.com/ecom/products/waitrose-4-british-pork-loin-steaks/491280-753685-753686,Waitrose 4 British Pork Loin Steaks,480g,£5.40,£11.25/kg,,Best of British
060840,Essential Mushrooms,G,false,90,https://ecom-su-static-prod.wtrecom.com/images/products/3/LN_060840_BP_3.jpg,https://www.waitrose.com/ecom/products/essential-mushrooms/060840-30754-30755,Essential Mushrooms,500g,£1.65,£3.30/kg,,Best of British
053445,Essential British Free Range Skimmed Milk 1 Pint,G,false,91,https://ecom-su-static-prod.wtrecom.com/images/products/3/LN_053445_BP_3.jpg,https://www.waitrose.com/ecom/products/essential-british-free-range-skimmed-milk-1-pint/053445-26743-26744,Essential British Free Range Skimmed Milk 1 Pint,568ml,95p,£1.68/litre,,Best of British
048727,Ghillie & Glen Scottish Smoked Salmon,G,true,92,https://ecom-su-static-prod.wtrecom.com/images/products/3/LN_048727_BP_3.jpg,https://www.waitrose.com/ecom/products/ghillie-glen-scottish-smoked-salmon/048727-24225-24226,Ghillie & Glen Scottish Smoked Salmon,200g,£5.96,£2.98/100g,25% Off. Was £7.95,Best of British
493922,Waitrose British Native Breed Thin Cut Rump Steak,G,true,93,https://ecom-su-static-prod.wtrecom.com/images/products/3/LN_493922_BP_3.jpg,https://www.waitrose.com/ecom/products/waitrose-british-native-breed-thin-cut-rump-steak/493922-69804-69805,Waitrose British Native Breed Thin Cut Rump Steak,200g,£4.55,£22.75/kg,Add 3 for £12,Best of British
897805,Essential British Beef Sirloin Steak,G,false,94,https://ecom-su-static-prod.wtrecom.com/images/products/3/LN_897805_BP_3.jpg,https://www.waitrose.com/ecom/products/essential-british-beef-sirloin-steak/897805-676948-676949,Essential British Beef Sirloin Steak,200g,£4.95,£24.75/kg,,Best of British
894969,Essential 12 British Pork Sausages,G,false,95,https://ecom-su-static-prod.wtrecom.com/images/products/3/LN_894969_BP_3.jpg,https://www.waitrose.com/ecom/products/essential-12-british-pork-sausages/894969-409672-409673,Essential 12 British Pork Sausages,681g,£2.25,£3.31/kg,,Best of British
037011,No.1 Free Range Corn Fed Whole Chicken,G,false,96,https://ecom-su-static-prod.wtrecom.com/images/products/3/LN_037011_BP_3.jpg,https://www.waitrose.com/ecom/products/no1-free-range-corn-fed-whole-chicken/037011-18529-18530,No.1 Free Range Corn Fed Whole Chicken,Typical weight 1.58kg,£14.22 each est.,£9/kg,,Best of British
862833,Waitrose British Native Breed Beef Rump Steak Stir Fry Strips,G,true,97,https://ecom-su-static-prod.wtrecom.com/images/products/3/LN_862833_BP_3.jpg,https://www.waitrose.com/ecom/products/waitrose-british-native-breed-beef-rump-steak-stir-fry-strips/862833-645336-645337,Waitrose British Native Breed Beef Rump Steak Stir Fry Strips,250g,£4.50,£18/kg,Add 3 for £12,Best of British
089547,Essential Medium Sliced Cheddar Cheese Strength 3,G,false,98,https://ecom-su-static-prod.wtrecom.com/images/products/3/LN_089547_BP_3.jpg,https://www.waitrose.com/ecom/products/essential-medium-sliced-cheddar-cheese-strength-3/089547-46158-46159,Essential Medium Sliced Cheddar Cheese Strength 3,250g,£2.80,£11.20/kg,,Best of British
725457,Essential 8 British Pork Sausages,G,false,99,https://ecom-su-static-prod.wtrecom.com/images/products/3/LN_725457_BP_3.jpg,https://www.waitrose.com/ecom/products/essential-8-british-pork-sausages/725457-409460-409461,Essential 8 British Pork Sausages,454g,£1.75,£3.86/kg,,Best of British
861180,British Baby Chestnut Mushrooms,G,false,100,https://ecom-su-static-prod.wtrecom.com/images/products/3/LN_861180_BP_3.jpg,https://www.waitrose.com/ecom/products/british-baby-chestnut-mushrooms/861180-595292-595293,British Baby Chestnut Mushrooms,200g,£1.70,£8.50/kg,,Best of British
040262,Essential Mature Grated Cheddar Cheese Strength 4,G,false,101,https://ecom-su-static-prod.wtrecom.com/images/products/3/LN_040262_BP_3.jpg,https://www.waitrose.com/ecom/products/essential-mature-grated-cheddar-cheese-strength-4/040262-19921-19922,Essential Mature Grated Cheddar Cheese Strength 4,250g,£2.80,£11.20/kg,,Best of British
754693,Essential Extra Large Whole Chicken,G,false,102,https://ecom-su-static-prod.wtrecom.com/images/products/3/LN_754693_BP_3.jpg,https://www.waitrose.com/ecom/products/essential-extra-large-whole-chicken/754693-507938-507939,Essential Extra Large Whole Chicken,Typical weight 2.3kg,£6.79 each est.,£2.95/kg,,Best of British
381809,Essential Extra Mature Sliced Cheddar Cheese Strength 6,G,false,103,https://ecom-su-static-prod.wtrecom.com/images/products/3/LN_381809_BP_3.jpg,https://www.waitrose.com/ecom/products/essential-extra-mature-sliced-cheddar-cheese-strength-6/381809-53704-53705,Essential Extra Mature Sliced Cheddar Cheese Strength 6,250g,£2.80,£11.20/kg,,Best of British
661559,No.1 British Woodland Mushrooms,G,false,104,https://ecom-su-static-prod.wtrecom.com/images/products/3/LN_661559_BP_3.jpg,https://www.waitrose.com/ecom/products/no1-british-woodland-mushrooms/661559-281807-281808,No.1 British Woodland Mushrooms,200g,£2.65,£13.25/kg,,Best of British
041849,Waitrose Yorkshire Wensleydale Cheese with Cranberry Strength 2,G,true,105,https://ecom-su-static-prod.wtrecom.com/images/products/3/LN_041849_BP_3.jpg,https://www.waitrose.com/ecom/products/waitrose-yorkshire-wensleydale-cheese-with-cranberry-strength-2/041849-20742-20743,Waitrose Yorkshire Wensleydale Cheese with Cranberry Strength 2,200g,£2.90,£14.50/kg,Add 2 for £5,Best of British
587102,Cravendale Filtered Fresher for Longer Whole Milk,G,false,106,https://ecom-su-static-prod.wtrecom.com/images/products/3/LN_587102_BP_3.jpg,https://www.waitrose.com/ecom/products/cravendale-filtered-fresher-for-longer-whole-milk/587102-83225-83226,Cravendale Filtered Fresher for Longer Whole Milk,1litre,£1.60,£1.60/litre,,Best of British
894508,Essential British Turkey Thigh Mince,G,true,107,https://ecom-su-static-prod.wtrecom.com/images/products/3/LN_894508_BP_3.jpg,https://www.waitrose.com/ecom/products/essential-british-turkey-thigh-mince/894508-587088-587089,Essential British Turkey Thigh Mince,500g,£4.50,£9/kg,Add 3 for £12,Best of British
001841,Duchy Organic British Beef 4 Burgers,G,false,108,https://ecom-su-static-prod.wtrecom.com/images/products/3/LN_001841_BP_3.jpg,https://www.waitrose.com/ecom/products/duchy-organic-british-beef-4-burgers/001841-434-435,Duchy Organic British Beef 4 Burgers,0.34Kg,£4.95,£14.56/kg,,Best of British
816013,"Essential British Chicken Drumsticks, Skin-on & Bone-in",G,true,109,https://ecom-su-static-prod.wtrecom.com/images/products/3/LN_816013_BP_3.jpg,https://www.waitrose.com/ecom/products/essential-british-chicken-drumsticks-skin-on-bone-in/816013-767772-767773,"Essential British Chicken Drumsticks, Skin-on & Bone-in",1600g,£4.60,£2.88/kg,Add 3 for £12,Best of British
472120,Waitrose Belton Red Leicester Cheese Strength 3,G,true,110,https://ecom-su-static-prod.wtrecom.com/images/products/3/LN_472120_BP_3.jpg,https://www.waitrose.com/ecom/products/waitrose-belton-red-leicester-cheese-strength-3/472120-66575-66576,Waitrose Belton Red Leicester Cheese Strength 3,250g,£2.02,£8.08/kg,25% Off. Was £2.70,Best of British
041232,Capricorn Somerset Goats Cheese,G,false,111,https://ecom-su-static-prod.wtrecom.com/images/products/3/LN_041232_BP_3.jpg,https://www.waitrose.com/ecom/products/capricorn-somerset-goats-cheese/041232-20400-20401,Capricorn Somerset Goats Cheese,100g,£2.50,£25/kg,,Best of British
721660,Essential Mature Cheddar Cheese Strength 4 Extra Large,G,false,112,https://ecom-su-static-prod.wtrecom.com/images/products/3/LN_721660_BP_3.jpg,https://www.waitrose.com/ecom/products/essential-mature-cheddar-cheese-strength-4-extra-large/721660-102547-102548,Essential Mature Cheddar Cheese Strength 4 Extra Large,750g,£4.95,£6.60/kg,,Best of British
850787,Waitrose British Lamb Mince 20% Fat,G,false,113,https://ecom-su-static-prod.wtrecom.com/images/products/3/LN_850787_BP_3.jpg,https://www.waitrose.com/ecom/products/waitrose-british-lamb-mince-20-fat/850787-806750-806751,Waitrose British Lamb Mince 20% Fat,500g,£6.50,£13/kg,,Best of British
863604,No. 1 Cornish Quartz Extra Mature Cheddar Cheese Strength 6,G,false,114,https://ecom-su-static-prod.wtrecom.com/images/products/3/LN_863604_BP_3.jpg,https://www.waitrose.com/ecom/products/no-1-cornish-quartz-extra-mature-cheddar-cheese-strength-6/863604-744115-744116,No. 1 Cornish Quartz Extra Mature Cheddar Cheese Strength 6,200g,£3.35,£16.75/kg,,Best of British
085714,Duchy Organic White Cup Mushrooms,G,false,115,https://ecom-su-static-prod.wtrecom.com/images/products/3/LN_085714_BP_3.jpg,https://www.waitrose.com/ecom/products/duchy-organic-white-cup-mushrooms/085714-43734-43735,Duchy Organic White Cup Mushrooms,250g,£1.30,£5.20/kg,,Best of British
870348,Waitrose Long Clawson Stilton Cheese Strength 4 Large,G,true,116,https://ecom-su-static-prod.wtrecom.com/images/products/3/LN_870348_BP_3.jpg,https://www.waitrose.com/ecom/products/waitrose-long-clawson-stilton-cheese-strength-4-large/870348-215267-215268,Waitrose Long Clawson Stilton Cheese Strength 4 Large,227g,£2.43,£10.71/kg,25% Off. Was £3.25,Best of British
040260,Essential Medium Grated Cheddar Cheese Strength 3,G,false,117,https://ecom-su-static-prod.wtrecom.com/images/products/3/LN_040260_BP_3.jpg,https://www.waitrose.com/ecom/products/essential-medium-grated-cheddar-cheese-strength-3/040260-19917-19918,Essential Medium Grated Cheddar Cheese Strength 3,250g,£2.80,£11.20/kg,,Best of British
630359,Essential Medium Cheddar Cheese Strength 3 Large,G,false,118,https://ecom-su-static-prod.wtrecom.com/images/products/3/LN_630359_BP_3.jpg,https://www.waitrose.com/ecom/products/essential-medium-cheddar-cheese-strength-3-large/630359-443786-443787,Essential Medium Cheddar Cheese Strength 3 Large,550g,£3.95,£7.19/kg,,Best of British
040926,Cathedral City Mature Mini Lunchbox Snack Cheese,G,true,119,https://ecom-su-static-prod.wtrecom.com/images/products/3/LN_040926_BP_3.jpg,https://www.waitrose.com/ecom/products/cathedral-city-mature-mini-lunchbox-snack-cheese/040926-20218-20219,Cathedral City Mature Mini Lunchbox Snack Cheese,6x20g,£2.20,£18.34/kg,Add 2 for £3.50,Best of British
477443,Essential Extra Mature Cheddar Cheese Strength 6 Large,G,false,120,https://ecom-su-static-prod.wtrecom.com/images/products/3/LN_477443_BP_3.jpg,https://www.waitrose.com/ecom/products/essential-extra-mature-cheddar-cheese-strength-6-large/477443-443702-443703,Essential Extra Mature Cheddar Cheese Strength 6 Large,550g,£3.95,£7.19/kg,,Best of British
010343,Duchy Organic Skimmed Milk 4 pints,G,false,121,https://ecom-su-static-prod.wtrecom.com/images/products/3/LN_010343_BP_3.jpg,https://www.waitrose.com/ecom/products/duchy-organic-skimmed-milk-4-pints/010343-5164-5165,Duchy Organic Skimmed Milk 4 pints,2.272litre,£2.25,99p/litre,,Best of British
090630,Essential British Pork Mince 8% Fat,G,false,122,https://ecom-su-static-prod.wtrecom.com/images/products/3/LN_090630_BP_3.jpg,https://www.waitrose.com/ecom/products/essential-british-pork-mince-8-fat/090630-46685-46686,Essential British Pork Mince 8% Fat,500g,£2.75,£5.50/kg,,Best of British
600381,Waitrose British Native Breed Beef Ribeye Steak,G,false,123,https://ecom-su-static-prod.wtrecom.com/images/products/3/LN_600381_BP_3.jpg,https://www.waitrose.com/ecom/products/waitrose-british-native-breed-beef-ribeye-steak/600381-676920-676921,Waitrose British Native Breed Beef Ribeye Steak,Typical weight 0.21kg,£5.64 each est.,£26.86/kg,,Best of British
628183,Arla Lactofree Lactose Free Mature Cheddar Cheese,G,false,124,https://ecom-su-static-prod.wtrecom.com/images/products/3/LN_628183_BP_3.jpg,https://www.waitrose.com/ecom/products/arla-lactofree-lactose-free-mature-cheddar-cheese/628183-89148-89149,Arla Lactofree Lactose Free Mature Cheddar Cheese,200g,£2.65,£13.25/kg,,Best of British
593887,Waitrose British Venison Frying Steak,G,true,125,https://ecom-su-static-prod.wtrecom.com/images/products/3/LN_593887_BP_3.jpg,https://www.waitrose.com/ecom/products/waitrose-british-venison-frying-steak/593887-702855-702856,Waitrose British Venison Frying Steak,135g,£5.00,£37.04/kg,Add 3 for £12,Best of British
890723,Waitrose British Soft Goats Cheese,G,false,126,https://ecom-su-static-prod.wtrecom.com/images/products/3/LN_890723_BP_3.jpg,https://www.waitrose.com/ecom/products/waitrose-british-soft-goats-cheese/890723-268343-268344,Waitrose British Soft Goats Cheese,125g,£2.50,£20/kg,,Best of British
835778,Essential Extra Mature Cheddar Cheese Strength 6,G,false,127,https://ecom-su-static-prod.wtrecom.com/images/products/3/LN_835778_BP_3.jpg,https://www.waitrose.com/ecom/products/essential-extra-mature-cheddar-cheese-strength-6/835778-451944-451945,Essential Extra Mature Cheddar Cheese Strength 6,350g,£2.60,£7.43/kg,,Best of British
443101,Essential 12 British Pork Chipolatas,G,false,128,https://ecom-su-static-prod.wtrecom.com/images/products/3/LN_443101_BP_3.jpg,https://www.waitrose.com/ecom/products/essential-12-british-pork-chipolatas/443101-409188-409189,Essential 12 British Pork Chipolatas,340g,£1.95,£5.74/kg,,Best of British
482030,Essential British Turkey Breast Strips,G,true,129,https://ecom-su-static-prod.wtrecom.com/images/products/3/LN_482030_BP_3.jpg,https://www.waitrose.com/ecom/products/essential-british-turkey-breast-strips/482030-586462-586463,Essential British Turkey Breast Strips,300g,£4.20,£14/kg,"£7 Stir Fry Meal Deal: Add protein, veg, sauce & rice or noodles",Best of British
648405,Limited Selection Tomatoes,G,false,130,https://ecom-su-static-prod.wtrecom.com/images/products/3/LN_648405_BP_3.jpg,https://www.waitrose.com/ecom/products/limited-selection-tomatoes/648405-337019-337020,Limited Selection Tomatoes,750g,£3.50,£4.67/kg,,Best of British
052189,Duchy Organic Baby Plum Tomatoes,G,false,131,https://ecom-su-static-prod.wtrecom.com/images/products/3/LN_052189_BP_3.jpg,https://www.waitrose.com/ecom/products/duchy-organic-baby-plum-tomatoes/052189-25988-25989,Duchy Organic Baby Plum Tomatoes,225g,£2.30,£10.23/kg,,Best of British
556211,Waitrose Chicken Jerk Spiced Thigh Fillets,G,true,132,https://ecom-su-static-prod.wtrecom.com/images/products/3/LN_556211_BP_3.jpg,https://www.waitrose.com/ecom/products/waitrose-chicken-jerk-spiced-thigh-fillets/556211-767756-767757,Waitrose Chicken Jerk Spiced Thigh Fillets,400g,£4.50,£11.25/kg,Add 3 for £12,Best of British
015596,Duchy Organic British Beef Ribeye Steak,G,false,133,https://ecom-su-static-prod.wtrecom.com/images/products/3/LN_015596_BP_3.jpg,https://www.waitrose.com/ecom/products/duchy-organic-british-beef-ribeye-steak/015596-7493-7494,Duchy Organic British Beef Ribeye Steak,Typical weight 0.23kg,£7.99 each est.,£35.51/kg,,Best of British
009747,Essential 4 British Beef Quarterpounder Burgers,G,false,134,https://ecom-su-static-prod.wtrecom.com/images/products/3/LN_009747_BP_3.jpg,https://www.waitrose.com/ecom/products/essential-4-british-beef-quarterpounder-burgers/009747-4819-4820,Essential 4 British Beef Quarterpounder Burgers,454g,£3.25,£7.16/kg,,Best of British
049236,Waitrose 12 British Pork & Herb Chipolatas,G,true,135,https://ecom-su-static-prod.wtrecom.com/images/products/3/LN_049236_BP_3.jpg,https://www.waitrose.com/ecom/products/waitrose-12-british-pork-herb-chipolatas/049236-24530-24531,Waitrose 12 British Pork & Herb Chipolatas,375g,£3.95,£10.54/kg,Add 2 for £5.75,Best of British
446296,Essential British Turkey Breast Steaks,G,false,136,https://ecom-su-static-prod.wtrecom.com/images/products/3/LN_446296_BP_3.jpg,https://www.waitrose.com/ecom/products/essential-british-turkey-breast-steaks/446296-586424-586425,Essential British Turkey Breast Steaks,Typical weight 0.25kg,£2.84 each est.,£11.35/kg,,Best of British
074305,Duchy Organic Farmhouse Mature Cheddar Cheese Strength 5,G,false,137,https://ecom-su-static-prod.wtrecom.com/images/products/3/LN_074305_BP_3.jpg,https://www.waitrose.com/ecom/products/duchy-organic-farmhouse-mature-cheddar-cheese-strength-5/074305-37740-37741,Duchy Organic Farmhouse Mature Cheddar Cheese Strength 5,350g,£4.75,£13.58/kg,,Best of British
091349,Waitrose British Native Breed Trimmed Fillet Steak,G,false,138,https://ecom-su-static-prod.wtrecom.com/images/products/3/LN_091349_BP_3.jpg,https://www.waitrose.com/ecom/products/waitrose-british-native-breed-trimmed-fillet-steak/091349-47069-47070,Waitrose British Native Breed Trimmed Fillet Steak,Typical weight 0.22kg,£10.29 each est.,£47.49/kg,,Best of British
469245,Waitrose Belton Double Gloucester Cheese Strength 3,G,false,139,https://ecom-su-static-prod.wtrecom.com/images/products/3/LN_469245_BP_3.jpg,https://www.waitrose.com/ecom/products/waitrose-belton-double-gloucester-cheese-strength-3/469245-66135-66136,Waitrose Belton Double Gloucester Cheese Strength 3,250g,£2.70,£10.80/kg,,Best of British
692359,Waitrose Long Clawson Stilton Cheese Strength 4,G,false,140,https://ecom-su-static-prod.wtrecom.com/images/products/3/LN_692359_BP_3.jpg,https://www.waitrose.com/ecom/products/waitrose-long-clawson-stilton-cheese-strength-4/692359-98319-98320,Waitrose Long Clawson Stilton Cheese Strength 4,150g,£2.25,£15/kg,,Best of British
086418,Waitrose Chicory,G,false,141,https://ecom-su-static-prod.wtrecom.com/images/products/3/LN_086418_BP_3.jpg,https://www.waitrose.com/ecom/products/waitrose-chicory/086418-44126-44127,Waitrose Chicory,250g,£1.95,£7.80/kg,,Best of British
045158,Duchy Organic Mature Cheddar Cheese Strength 4,G,true,142,https://ecom-su-static-prod.wtrecom.com/images/products/3/LN_045158_BP_3.jpg,https://www.waitrose.com/ecom/products/duchy-organic-mature-cheddar-cheese-strength-4/045158-22278-22279,Duchy Organic Mature Cheddar Cheese Strength 4,350g,£3.37,£9.63/kg,25% Off. Was £4.80,Best of British
016491,Duchy Organic British Beef Sirloin Steak,G,false,143,https://ecom-su-static-prod.wtrecom.com/images/products/3/LN_016491_BP_3.jpg,https://www.waitrose.com/ecom/products/duchy-organic-british-beef-sirloin-steak/016491-7910-7911,Duchy Organic British Beef Sirloin Steak,Typical weight 0.23kg,£8.59 each est.,£38.01/kg,,Best of British
855353,Cathedral City Mature Sliced Cheddar Cheese,G,true,144,https://ecom-su-static-prod.wtrecom.com/images/products/3/LN_855353_BP_3.jpg,https://www.waitrose.com/ecom/products/cathedral-city-mature-sliced-cheddar-cheese/855353-730994-730995,Cathedral City Mature Sliced Cheddar Cheese,150g,£2.50,£16.67/kg,Add 2 for £4,Best of British
637605,Duchy Organic Extra Mature Cheddar Cheese Strength 5,G,true,145,https://ecom-su-static-prod.wtrecom.com/images/products/3/LN_637605_BP_3.jpg,https://www.waitrose.com/ecom/products/duchy-organic-extra-mature-cheddar-cheese-strength-5/637605-129714-129715,Duchy Organic Extra Mature Cheddar Cheese Strength 5,350g,£3.37,£9.63/kg,25% Off. Was £4.80,Best of British
784500,Essential British Turkey Breast Mince,G,false,146,https://ecom-su-static-prod.wtrecom.com/images/products/3/LN_784500_BP_3.jpg,https://www.waitrose.com/ecom/products/essential-british-turkey-breast-mince/784500-586844-586845,Essential British Turkey Breast Mince,300g,£3.75,£12.50/kg,,Best of British
821446,Waitrose British Lean Pork Mince 5% Fat,G,false,147,https://ecom-su-static-prod.wtrecom.com/images/products/3/LN_821446_BP_3.jpg,https://www.waitrose.com/ecom/products/waitrose-british-lean-pork-mince-5-fat/821446-661201-661202,Waitrose British Lean Pork Mince 5% Fat,500g,£3.95,79p/100g,,Best of British
557579,Duchy Organic 12 British Pork Chipolatas,G,true,148,https://ecom-su-static-prod.wtrecom.com/images/products/3/LN_557579_BP_3.jpg,https://www.waitrose.com/ecom/products/duchy-organic-12-british-pork-chipolatas/557579-78862-78863,Duchy Organic 12 British Pork Chipolatas,340g,£3.93,£11.56/kg,25% Off. Was £5.25,Best of British
451060,Essential British Chicken Mince 5% Fat,G,false,149,https://ecom-su-static-prod.wtrecom.com/images/products/3/LN_451060_BP_3.jpg,https://www.waitrose.com/ecom/products/essential-british-chicken-mince-5-fat/451060-767752-767753,Essential British Chicken Mince 5% Fat,500g,£3.50,£7/kg,,Best of British
810648,Duchy Organic British Beef Diced Casserole Steak,G,false,150,https://ecom-su-static-prod.wtrecom.com/images/products/3/LN_810648_BP_3.jpg,https://www.waitrose.com/ecom/products/duchy-organic-british-beef-diced-casserole-steak/810648-754863-754864,Duchy Organic British Beef Diced Casserole Steak,400g,£4.75,£11.88/kg,,Best of British
469603,Essential Red Leicester Cheese Strength 3,G,false,151,https://ecom-su-static-prod.wtrecom.com/images/products/3/LN_469603_BP_3.jpg,https://www.waitrose.com/ecom/products/essential-red-leicester-cheese-strength-3/469603-66203-66204,Essential Red Leicester Cheese Strength 3,350g,£2.95,£8.43/kg,,Best of British
015864,Duchy Organic Unhomogenised Whole Milk 1 Pint,G,false,152,https://ecom-su-static-prod.wtrecom.com/images/products/3/LN_015864_BP_3.jpg,https://www.waitrose.com/ecom/products/duchy-organic-unhomogenised-whole-milk-1-pint/015864-7587-7588,Duchy Organic Unhomogenised Whole Milk 1 Pint,568ml,£1.15,£2.03/litre,,Best of British
033516,Duchy Organic 20 British Beef Meatballs,G,false,153,https://ecom-su-static-prod.wtrecom.com/images/products/3/LN_033516_BP_3.jpg,https://www.waitrose.com/ecom/products/duchy-organic-20-british-beef-meatballs/033516-16771-16772,Duchy Organic 20 British Beef Meatballs,300g,£3.75,£12.50/kg,,Best of British
744398,Duchy Organic 6 British Pork Sausages,G,false,154,https://ecom-su-static-prod.wtrecom.com/images/products/3/LN_744398_BP_3.jpg,https://www.waitrose.com/ecom/products/duchy-organic-6-british-pork-sausages/744398-105820-105821,Duchy Organic 6 British Pork Sausages,400g,£5.25,£13.13/kg,,Best of British
033431,Duchy Organic British FR Eggs Very Large,G,false,155,https://ecom-su-static-prod.wtrecom.com/images/products/3/LN_033431_BP_3.jpg,https://www.waitrose.com/ecom/products/duchy-organic-british-fr-eggs-very-large/033431-16683-16684,Duchy Organic British FR Eggs Very Large,6s,£3.75,62.5p each,,Best of British
088023,Waitrose CI Gooseberries,G,true,156,https://ecom-su-static-prod.wtrecom.com/images/products/3/LN_088023_BP_3.jpg,https://www.waitrose.com/ecom/products/waitrose-ci-gooseberries/088023-45002-45003,Waitrose CI Gooseberries,320g,£2.50,£7.82/kg,Add 2 for £4,Best of British
019782,Duchy Organic British Lamb Mince,G,false,157,https://ecom-su-static-prod.wtrecom.com/images/products/3/LN_019782_BP_3.jpg,https://www.waitrose.com/ecom/products/duchy-organic-british-lamb-mince/019782-425749-9633,Duchy Organic British Lamb Mince,400g,£7.25,£18.13/kg,,Best of British
059686,Essential Mature Sliced Cheddar Cheese Strength 4,G,false,158,https://ecom-su-static-prod.wtrecom.com/images/products/3/LN_059686_BP_3.jpg,https://www.waitrose.com/ecom/products/essential-mature-sliced-cheddar-cheese-strength-4/059686-30104-30105,Essential Mature Sliced Cheddar Cheese Strength 4,250g,£2.80,£11.20/kg,,Best of British
005032,Essential 4 British Pork Shoulder Steaks,G,false,159,https://ecom-su-static-prod.wtrecom.com/images/products/3/LN_005032_BP_3.jpg,https://www.waitrose.com/ecom/products/essential-4-british-pork-shoulder-steaks/005032-2161-2162,Essential 4 British Pork Shoulder Steaks,Typical weight 0.71kg,£4.82 each est.,£6.75/kg,,Best of British
560101,Duchy Organic Ayrshire Unhomogenised Whole Milk,G,false,160,https://ecom-su-static-prod.wtrecom.com/images/products/3/LN_560101_BP_3.jpg,https://www.waitrose.com/ecom/products/duchy-organic-ayrshire-unhomogenised-whole-milk/560101-560479-560480,Duchy Organic Ayrshire Unhomogenised Whole Milk,1litre,£1.65,£1.65/litre,,Best of British
078297,Waitrose Yorkshire Wensleydale Cheese with Mango & Ginger Strength 2,G,true,161,https://ecom-su-static-prod.wtrecom.com/images/products/3/LN_078297_BP_3.jpg,https://www.waitrose.com/ecom/products/waitrose-yorkshire-wensleydale-cheese-with-mango-ginger-strength-2/078297-39853-39854,Waitrose Yorkshire Wensleydale Cheese with Mango & Ginger Strength 2,180g,£2.90,£16.12/kg,Add 2 for £5,Best of British
408646,Duchy Organic Roast Beef Topside with Mustard,G,false,162,https://ecom-su-static-prod.wtrecom.com/images/products/3/LN_408646_BP_3.jpg,https://www.waitrose.com/ecom/products/duchy-organic-roast-beef-topside-with-mustard/408646-57512-57513,Duchy Organic Roast Beef Topside with Mustard,70g,£4.00,£5.72/100g,,Best of British
429327,Yeo Valley Long Life Organic Semi-Skimmed Milk,G,false,163,https://ecom-su-static-prod.wtrecom.com/images/products/3/LN_429327_BP_3.jpg,https://www.waitrose.com/ecom/products/yeo-valley-long-life-organic-semi-skimmed-milk/429327-791823-791824,Yeo Valley Long Life Organic Semi-Skimmed Milk,1 litre,£2.00,£2/litre,,Best of British
630244,Waitrose 2 British Venison Burgers,G,true,164,https://ecom-su-static-prod.wtrecom.com/images/products/3/LN_630244_BP_3.jpg,https://www.waitrose.com/ecom/products/waitrose-2-british-venison-burgers/630244-175166-175167,Waitrose 2 British Venison Burgers,227g,£3.22,£14.19/kg,25% Off. Was £4.30,Best of British
778626,Waitrose 4 British Lamb Burgers,G,true,165,https://ecom-su-static-prod.wtrecom.com/images/products/3/LN_778626_BP_3.jpg,https://www.waitrose.com/ecom/products/waitrose-4-british-lamb-burgers/778626-806742-806743,Waitrose 4 British Lamb Burgers,454g,£5.75,£12.67/kg,Add 3 for £12,Best of British
408013,Duchy Organic English Unsalted Butter,G,false,166,https://ecom-su-static-prod.wtrecom.com/images/products/3/LN_408013_BP_3.jpg,https://www.waitrose.com/ecom/products/duchy-organic-english-unsalted-butter/408013-752393-752394,Duchy Organic English Unsalted Butter,250g,£3.25,£13/kg,,Best of British
829566,Waitrose 20 British Venison Meatballs,G,true,167,https://ecom-su-static-prod.wtrecom.com/images/products/3/LN_829566_BP_3.jpg,https://www.waitrose.com/ecom/products/waitrose-20-british-venison-meatballs/829566-498218-498219,Waitrose 20 British Venison Meatballs,300g,£5.10,£17/kg,Add 3 for £12,Best of British
088583,Waitrose British 2 Lamb Loin Chops,G,false,168,https://ecom-su-static-prod.wtrecom.com/images/products/3/LN_088583_BP_3.jpg,https://www.waitrose.com/ecom/products/waitrose-british-2-lamb-loin-chops/088583-45471-45472,Waitrose British 2 Lamb Loin Chops,Typical weight 0.23kg,£6.67 each est.,£29.00/kg,,Best of British
541947,Cathedral City Mature Grated Cheddar Cheese,G,true,169,https://ecom-su-static-prod.wtrecom.com/images/products/3/LN_541947_BP_3.jpg,https://www.waitrose.com/ecom/products/cathedral-city-mature-grated-cheddar-cheese/541947-727203-727204,Cathedral City Mature Grated Cheddar Cheese,180g,£2.50,£13.89/kg,Add 2 for £4,Best of British
836888,Waitrose Davidstow Cornish Mature Cheddar Cheese Strength 5 Large,G,true,170,https://ecom-su-static-prod.wtrecom.com/images/products/3/LN_836888_BP_3.jpg,https://www.waitrose.com/ecom/products/waitrose-davidstow-cornish-mature-cheddar-cheese-strength-5-large/836888-451948-451949,Waitrose Davidstow Cornish Mature Cheddar Cheese Strength 5 Large,550g,£4.31,£7.84/kg,25% Off. Was £5.75,Best of British
046507,Essential Waitrose British Bacon Smoked Lardons,G,false,171,https://ecom-su-static-prod.wtrecom.com/images/products/3/LN_046507_BP_3.jpg,https://www.waitrose.com/ecom/products/essential-waitrose-british-bacon-smoked-lardons/046507-22937-22938,Essential Waitrose British Bacon Smoked Lardons,200g,£2.75,£13.75/kg,,Best of British
745115,Essential Mild Cheddar Cheese Strength 2 Large,G,false,172,https://ecom-su-static-prod.wtrecom.com/images/products/3/LN_745115_BP_3.jpg,https://www.waitrose.com/ecom/products/essential-mild-cheddar-cheese-strength-2-large/745115-443844-443845,Essential Mild Cheddar Cheese Strength 2 Large,550g,£3.95,£7.19/kg,,Best of British
024619,Cathedral City Lighter Mature Cheddar Cheese,G,false,173,https://ecom-su-static-prod.wtrecom.com/images/products/3/LN_024619_BP_3.jpg,https://www.waitrose.com/ecom/products/cathedral-city-lighter-mature-cheddar-cheese/024619-11918-11919,Cathedral City Lighter Mature Cheddar Cheese,350g,£4.25,£12.15/kg,,Best of British
422183,Essential 30% Reduced Fat Extra Mature Cheddar Cheese Strength 6,G,false,174,https://ecom-su-static-prod.wtrecom.com/images/products/3/LN_422183_BP_3.jpg,https://www.waitrose.com/ecom/products/essential-30-reduced-fat-extra-mature-cheddar-cheese-strength-6/422183-451508-451509,Essential 30% Reduced Fat Extra Mature Cheddar Cheese Strength 6,350g,£2.60,£7.43/kg,,Best of British
767502,Essential British Beef Frying Steak,G,false,175,https://ecom-su-static-prod.wtrecom.com/images/products/3/LN_767502_BP_3.jpg,https://www.waitrose.com/ecom/products/essential-british-beef-frying-steak/767502-109153-109154,Essential British Beef Frying Steak,300g,£3.75,£12.50/kg,,Best of British
028247,Duchy Organic Medium Cheddar Cheese Strength 3,G,true,176,https://ecom-su-static-prod.wtrecom.com/images/products/3/LN_028247_BP_3.jpg,https://www.waitrose.com/ecom/products/duchy-organic-medium-cheddar-cheese-strength-3/028247-13741-13742,Duchy Organic Medium Cheddar Cheese Strength 3,350g,£3.37,£9.63/kg,25% Off. Was £4.80,Best of British
450818,Waitrose 2 British Native Breed Reduced Fat Beef Burgers,G,false,177,https://ecom-su-static-prod.wtrecom.com/images/products/3/LN_450818_BP_3.jpg,https://www.waitrose.com/ecom/products/waitrose-2-british-native-breed-reduced-fat-beef-burgers/450818-538578-538579,Waitrose 2 British Native Breed Reduced Fat Beef Burgers,227g,£2.95,£13/kg,,Best of British
539636,Waitrose British Native Breed Thick Cut Sirloin Steak,G,true,178,https://ecom-su-static-prod.wtrecom.com/images/products/3/LN_539636_BP_3.jpg,https://www.waitrose.com/ecom/products/waitrose-british-native-breed-thick-cut-sirloin-steak/539636-812637-812638,Waitrose British Native Breed Thick Cut Sirloin Steak,300g,£7.12,£23.74/kg,25% Off. Was £9.50,Best of British
529296,Waitrose 20 British Lamb Meatballs,G,true,179,https://ecom-su-static-prod.wtrecom.com/images/products/3/LN_529296_BP_3.jpg,https://www.waitrose.com/ecom/products/waitrose-20-british-lamb-meatballs/529296-806726-806727,Waitrose 20 British Lamb Meatballs,500g,£6.00,£12/kg,Add 3 for £12,Best of British
861173,Essential 50% Reduced Fat Mature Cheddar Cheese Strength 4,G,false,180,https://ecom-su-static-prod.wtrecom.com/images/products/3/LN_861173_BP_3.jpg,https://www.waitrose.com/ecom/products/essential-50-reduced-fat-mature-cheddar-cheese-strength-4/861173-451984-451985,Essential 50% Reduced Fat Mature Cheddar Cheese Strength 4,350g,£2.60,£7.43/kg,,Best of British
434595,Waitrose 2 British Lamb Leg Steaks,G,false,181,https://ecom-su-static-prod.wtrecom.com/images/products/3/LN_434595_BP_3.jpg,https://www.waitrose.com/ecom/products/waitrose-2-british-lamb-leg-steaks/434595-806718-806719,Waitrose 2 British Lamb Leg Steaks,Typical weight 0.22kg,£6.16 each est.,£28.00/kg,,Best of British
090078,Duchy Organic Organic Homogenised Semi-Skimmed Milk 1 Pint,G,false,182,https://ecom-su-static-prod.wtrecom.com/images/products/3/LN_090078_BP_3.jpg,https://www.waitrose.com/ecom/products/duchy-organic-organic-homogenised-semi-skimmed-milk-1-pint/090078-46442-46443,Duchy Organic Organic Homogenised Semi-Skimmed Milk 1 Pint,568ml,£1.15,£2.03/litre,,Best of British
420141,Essential British Lambs Liver,G,false,183,https://ecom-su-static-prod.wtrecom.com/images/products/3/LN_420141_BP_3.jpg,https://www.waitrose.com/ecom/products/essential-british-lambs-liver/420141-721022-721023,Essential British Lambs Liver,350g,£3.00,£8.58/kg,,Best of British
626136,Waitrose British Venison Mince,G,true,184,https://ecom-su-static-prod.wtrecom.com/images/products/3/LN_626136_BP_3.jpg,https://www.waitrose.com/ecom/products/waitrose-british-venison-mince/626136-702939-702940,Waitrose British Venison Mince,300g,£5.00,£16.67/kg,Add 3 for £12,Best of British
848643,Waitrose Davidstow Cornish Mature Cheddar Cheese Strength 5,G,false,185,https://ecom-su-static-prod.wtrecom.com/images/products/3/LN_848643_BP_3.jpg,https://www.waitrose.com/ecom/products/waitrose-davidstow-cornish-mature-cheddar-cheese-strength-5/848643-451974-451975,Waitrose Davidstow Cornish Mature Cheddar Cheese Strength 5,350g,£4.25,£12.15/kg,,Best of British
393874,Waitrose Crumbly Belton Wensleydale Cheese Strength 2,G,true,186,https://ecom-su-static-prod.wtrecom.com/images/products/3/LN_393874_BP_3.jpg,https://www.waitrose.com/ecom/products/waitrose-crumbly-belton-wensleydale-cheese-strength-2/393874-55351-55352,Waitrose Crumbly Belton Wensleydale Cheese Strength 2,250g,£1.95,£7.80/kg,25% Off. Was £2.60,Best of British
835461,Waitrose British Goats Cheese Strength 2,G,false,187,https://ecom-su-static-prod.wtrecom.com/images/products/3/LN_835461_BP_3.jpg,https://www.waitrose.com/ecom/products/waitrose-british-goats-cheese-strength-2/835461-151974-151975,Waitrose British Goats Cheese Strength 2,100g,£2.30,£23/kg,,Best of British
060730,Duchy Organic Mild Cheddar Cheese Strength 2,G,true,188,https://ecom-su-static-prod.wtrecom.com/images/products/3/LN_060730_BP_3.jpg,https://www.waitrose.com/ecom/products/duchy-organic-mild-cheddar-cheese-strength-2/060730-30692-30693,Duchy Organic Mild Cheddar Cheese Strength 2,350g,£3.37,£9.63/kg,25% Off. Was £4.80,Best of British
058932,Essential 30 British Pork Cocktail Sausages,G,false,189,https://ecom-su-static-prod.wtrecom.com/images/products/3/LN_058932_BP_3.jpg,https://www.waitrose.com/ecom/products/essential-30-british-pork-cocktail-sausages/058932-29662-29663,Essential 30 British Pork Cocktail Sausages,390g,£3.75,£9.62/kg,,Best of British
604302,Essential Mature Grated Cheddar Cheese Strength 4 Large,G,false,190,https://ecom-su-static-prod.wtrecom.com/images/products/3/LN_604302_BP_3.jpg,https://www.waitrose.com/ecom/products/essential-mature-grated-cheddar-cheese-strength-4-large/604302-85723-85724,Essential Mature Grated Cheddar Cheese Strength 4 Large,500g,£4.40,£8.80/kg,,Best of British
649562,Waitrose Crumbly Cheshire Cheese Strength 2,G,false,191,https://ecom-su-static-prod.wtrecom.com/images/products/3/LN_649562_BP_3.jpg,https://www.waitrose.com/ecom/products/waitrose-crumbly-cheshire-cheese-strength-2/649562-92184-92185,Waitrose Crumbly Cheshire Cheese Strength 2,250g,£2.70,£10.80/kg,,Best of British
002463,Cathedral City Mature Cheddar Cheese Large,G,false,192,https://ecom-su-static-prod.wtrecom.com/images/products/3/LN_002463_BP_3.jpg,https://www.waitrose.com/ecom/products/cathedral-city-mature-cheddar-cheese-large/002463-816-817,Cathedral City Mature Cheddar Cheese Large,550g,£5.75,£10.46/kg,,Best of British
436669,Waitrose British Thick Cut 2 Pork Chops,G,false,193,https://ecom-su-static-prod.wtrecom.com/images/products/3/LN_436669_BP_3.jpg,https://www.waitrose.com/ecom/products/waitrose-british-thick-cut-2-pork-chops/436669-753515-753516,Waitrose British Thick Cut 2 Pork Chops,500g,£4.50,£9/kg,,Best of British
780972,Essential British Lamb Ribs,G,false,194,https://ecom-su-static-prod.wtrecom.com/images/products/3/LN_780972_BP_3.jpg,https://www.waitrose.com/ecom/products/essential-british-lamb-ribs/780972-111127-111128,Essential British Lamb Ribs,Typical weight 0.5kg,£4.00 each est.,£8.00/kg,,Best of British
095771,Waitrose British Boneless Pork Loin Crackling Joint,G,false,195,https://ecom-su-static-prod.wtrecom.com/images/products/3/LN_095771_BP_3.jpg,https://www.waitrose.com/ecom/products/waitrose-british-boneless-pork-loin-crackling-joint/095771-49071-49072,Waitrose British Boneless Pork Loin Crackling Joint,Typical weight 0.81kg,£7.85 each est.,£9.74/kg,,Best of British
642615,Waitrose British Native Breed Large Beef Topside,G,false,196,https://ecom-su-static-prod.wtrecom.com/images/products/3/LN_642615_BP_3.jpg,https://www.waitrose.com/ecom/products/waitrose-british-native-breed-large-beef-topside/642615-806245-806246,Waitrose British Native Breed Large Beef Topside,Typical weight 1kg,£14.95 each est.,£14.95/kg,,Best of British
683755,Waitrose 2pk British Rose Veal Burgers,G,false,197,https://ecom-su-static-prod.wtrecom.com/images/products/3/LN_683755_BP_3.jpg,https://www.waitrose.com/ecom/products/waitrose-2pk-british-rose-veal-burgers/683755-497976-497977,Waitrose 2pk British Rose Veal Burgers,250g,£3.70,£14.80/kg,,Best of British
460792,Waitrose Long Clawson Shropshire Blue Cheese Strength 4,G,false,198,https://ecom-su-static-prod.wtrecom.com/images/products/3/LN_460792_BP_3.jpg,https://www.waitrose.com/ecom/products/waitrose-long-clawson-shropshire-blue-cheese-strength-4/460792-324742-324743,Waitrose Long Clawson Shropshire Blue Cheese Strength 4,227g,£3.40,£14.98/kg,,Best of British
818127,Waitrose Davidstow Cornish Extra Mature Cheddar Cheese Strength 6 Large,G,true,199,https://ecom-su-static-prod.wtrecom.com/images/products/3/LN_818127_BP_3.jpg,https://www.waitrose.com/ecom/products/waitrose-davidstow-cornish-extra-mature-cheddar-cheese-strength-6-large/818127-451910-451911,Waitrose Davidstow Cornish Extra Mature Cheddar Cheese Strength 6 Large,550g,£4.31,£7.84/kg,25% Off. Was £5.75,Best of British
594321,Duchy Organic 6 British Pork Sausages with Herbs,G,false,200,https://ecom-su-static-prod.wtrecom.com/images/products/3/LN_594321_BP_3.jpg,https://www.waitrose.com/ecom/products/duchy-organic-6-british-pork-sausages-with-herbs/594321-116265-116266,Duchy Organic 6 British Pork Sausages with Herbs,400g,£5.25,£13.13/kg,,Best of British
520762,Waitrose British Lamb Neck Fillet,G,false,201,https://ecom-su-static-prod.wtrecom.com/images/products/3/LN_520762_BP_3.jpg,https://www.waitrose.com/ecom/products/waitrose-british-lamb-neck-fillet/520762-806724-806725,Waitrose British Lamb Neck Fillet,Typical weight 0.24kg,£6.28 each est.,£25.99/kg,,Best of British
454650,Belton Farm Red Fox Aged Red Leicester Cheese,G,true,202,https://ecom-su-static-prod.wtrecom.com/images/products/3/LN_454650_BP_3.jpg,https://www.waitrose.com/ecom/products/belton-farm-red-fox-aged-red-leicester-cheese/454650-597687-597688,Belton Farm Red Fox Aged Red Leicester Cheese,200g,£2.65,£13.25/kg,save 50p. Was £3.15,Best of British
521224,Essential British Pork Shoulder Joint,G,false,203,https://ecom-su-static-prod.wtrecom.com/images/products/3/LN_521224_BP_3.jpg,https://www.waitrose.com/ecom/products/essential-british-pork-shoulder-joint/521224-721214-721215,Essential British Pork Shoulder Joint,Typical weight 1.16kg,£6.67 each est.,£5.75/kg,,Best of British
767165,Essential Medium Cheddar Cheese Strength 3 Extra Large,G,false,204,https://ecom-su-static-prod.wtrecom.com/images/products/3/LN_767165_BP_3.jpg,https://www.waitrose.com/ecom/products/essential-medium-cheddar-cheese-strength-3-extra-large/767165-109091-109092,Essential Medium Cheddar Cheese Strength 3 Extra Large,750g,£4.95,£6.60/kg,,Best of British
821090,Essential British Lamb Chops,G,false,205,https://ecom-su-static-prod.wtrecom.com/images/products/3/LN_821090_BP_3.jpg,https://www.waitrose.com/ecom/products/essential-british-lamb-chops/821090-428314-428315,Essential British Lamb Chops,364g,£9.50,£26.10/kg,,Best of British
004242,Duchy Organic British Beef Roasting Joint,G,false,206,https://ecom-su-static-prod.wtrecom.com/images/products/3/LN_004242_BP_3.jpg,https://www.waitrose.com/ecom/products/duchy-organic-british-beef-roasting-joint/004242-1739-1740,Duchy Organic British Beef Roasting Joint,Typical weight 0.54kg,£9.93 each est.,£18.49/kg,,Best of British
082356,No. 1 Colston Bassett Blue Stilton Cheese,G,false,207,https://ecom-su-static-prod.wtrecom.com/images/products/3/LN_082356_BP_3.jpg,https://www.waitrose.com/ecom/products/no-1-colston-bassett-blue-stilton-cheese/082356-41897-41898,No. 1 Colston Bassett Blue Stilton Cheese,Typical weight 200g,£4.00 each est.,£2.00/100g,,Best of British
094782,Waitrose British Lamb Half Leg,G,false,208,https://ecom-su-static-prod.wtrecom.com/images/products/3/LN_094782_BP_3.jpg,https://www.waitrose.com/ecom/products/waitrose-british-lamb-half-leg/094782-48618-48619,Waitrose British Lamb Half Leg,Typical weight 0.9kg,£16.20 each est.,£18.00/kg,,Best of British
446315,Waitrose Creamy Lancashire Cheese Strength 3,G,false,209,https://ecom-su-static-prod.wtrecom.com/images/products/3/LN_446315_BP_3.jpg,https://www.waitrose.com/ecom/products/waitrose-creamy-lancashire-cheese-strength-3/446315-62841-62842,Waitrose Creamy Lancashire Cheese Strength 3,250g,£2.70,£10.80/kg,,Best of British
055020,Applewood Smoky Medium Cheddar Cheese,G,false,210,https://ecom-su-static-prod.wtrecom.com/images/products/3/LN_055020_BP_3.jpg,https://www.waitrose.com/ecom/products/applewood-smoky-medium-cheddar-cheese/055020-27633-27634,Applewood Smoky Medium Cheddar Cheese,185g,£2.85,£15.41/kg,,Best of British
852154,Waitrose British Beef Bone Marrow,G,false,211,https://ecom-su-static-prod.wtrecom.com/images/products/3/LN_852154_BP_3.jpg,https://www.waitrose.com/ecom/products/waitrose-british-beef-bone-marrow/852154-319916-319917,Waitrose British Beef Bone Marrow,170g,£2.00,£11.77/kg,,Best of British
777521,No.1 British Free Range Pork Mince 5% Fat,G,false,212,https://ecom-su-static-prod.wtrecom.com/images/products/3/LN_777521_BP_3.jpg,https://www.waitrose.com/ecom/products/no1-british-free-range-pork-mince-5-fat/777521-805669-805670,No.1 British Free Range Pork Mince 5% Fat,500g,£5.50,£11/kg,,Best of British
573319,No.1 2 British Free Range Pork Ribeye Steaks,G,false,213,https://ecom-su-static-prod.wtrecom.com/images/products/3/LN_573319_BP_3.jpg,https://www.waitrose.com/ecom/products/no1-2-british-free-range-pork-ribeye-steaks/573319-805619-805620,No.1 2 British Free Range Pork Ribeye Steaks,Typical weight 0.5kg,£7.00 each est.,£14.00/kg,,Best of British
023504,Duchy Organic British Lamb Leg Steaks,G,false,214,https://ecom-su-static-prod.wtrecom.com/images/products/3/LN_023504_BP_3.jpg,https://www.waitrose.com/ecom/products/duchy-organic-british-lamb-leg-steaks/023504-425750-11409,Duchy Organic British Lamb Leg Steaks,Typical weight 0.26kg,£8.50 each est.,£33.00/kg,,Best of British
886941,Duchy Organic Cropwell Bishop PDO Blue Stilton Cheese Strength 5,G,false,215,https://ecom-su-static-prod.wtrecom.com/images/products/3/LN_886941_BP_3.jpg,https://www.waitrose.com/ecom/products/duchy-organic-cropwell-bishop-pdo-blue-stilton-cheese-strength-5/886941-156675-156676,Duchy Organic Cropwell Bishop PDO Blue Stilton Cheese Strength 5,150g,£3.50,£23.34/kg,,Best of British
478752,"Eat Flexi: Beef, Tomato & Red Pepper Meatballs",G,true,216,https://ecom-su-static-prod.wtrecom.com/images/products/3/LN_478752_BP_3.jpg,https://www.waitrose.com/ecom/products/eat-flexi-beef-tomato-red-pepper-meatballs/478752-783244-783245,"Eat Flexi: Beef, Tomato & Red Pepper Meatballs",336g,£3.50,£10.42/kg,Add 2 for £5.75,Best of British
695510,Essential English Mature Cheddar Cheese Strength 4,G,false,217,https://ecom-su-static-prod.wtrecom.com/images/products/3/LN_695510_BP_3.jpg,https://www.waitrose.com/ecom/products/essential-english-mature-cheddar-cheese-strength-4/695510-98755-98756,Essential English Mature Cheddar Cheese Strength 4,160g,£1.60,£10/kg,,Best of British
384360,Waitrose Yorkshire Wensleydale Cheese with Apricot Strength 2,G,true,218,https://ecom-su-static-prod.wtrecom.com/images/products/3/LN_384360_BP_3.jpg,https://www.waitrose.com/ecom/products/waitrose-yorkshire-wensleydale-cheese-with-apricot-strength-2/384360-136531-136532,Waitrose Yorkshire Wensleydale Cheese with Apricot Strength 2,200g,£2.90,£14.50/kg,Add 2 for £5,Best of British
717142,No.1 British Monkfish Chunks,G,false,219,https://ecom-su-static-prod.wtrecom.com/images/products/3/LN_717142_BP_3.jpg,https://www.waitrose.com/ecom/products/no1-british-monkfish-chunks/717142-762686-762687,No.1 British Monkfish Chunks,240g,£8.95,£37.30/kg,,Best of British
033799,Essential British Unsmoked Bacon Lardons,G,false,220,https://ecom-su-static-prod.wtrecom.com/images/products/3/LN_033799_BP_3.jpg,https://www.waitrose.com/ecom/products/essential-british-unsmoked-bacon-lardons/033799-16931-16932,Essential British Unsmoked Bacon Lardons,200g,£2.75,£13.75/kg,,Best of British
428764,Waitrose Davidstow Cornish Medium Cheddar Cheese with Chilli Strength 4,G,true,221,https://ecom-su-static-prod.wtrecom.com/images/products/3/LN_428764_BP_3.jpg,https://www.waitrose.com/ecom/products/waitrose-davidstow-cornish-medium-cheddar-cheese-with-chilli-strength-4/428764-244615-244616,Waitrose Davidstow Cornish Medium Cheddar Cheese with Chilli Strength 4,180g,£2.90,£16.12/kg,Add 2 for £5,Best of British
762656,Waitrose British Native Breed Small Beef Topside,G,true,222,https://ecom-su-static-prod.wtrecom.com/images/products/3/LN_762656_BP_3.jpg,https://www.waitrose.com/ecom/products/waitrose-british-native-breed-small-beef-topside/762656-806253-806254,Waitrose British Native Breed Small Beef Topside,Typical weight 0.9kg,£10.09 each est.,£11.21/kg,25% Off. Was £13.46,Best of British
409122,Essential British Beef Rolled Brisket,G,false,223,https://ecom-su-static-prod.wtrecom.com/images/products/3/LN_409122_BP_3.jpg,https://www.waitrose.com/ecom/products/essential-british-beef-rolled-brisket/409122-806223-806224,Essential British Beef Rolled Brisket,Typical weight 0.75kg,£10.50 each est.,£14.00/kg,,Best of British
878068,Waitrose 4 British Lamb Loin Chops,G,true,224,https://ecom-su-static-prod.wtrecom.com/images/products/3/LN_878068_BP_3.jpg,https://www.waitrose.com/ecom/products/waitrose-4-british-lamb-loin-chops/878068-150075-150076,Waitrose 4 British Lamb Loin Chops,Typical weight 0.54kg,£11.59 each est.,£21.36/kg,25% Off. Was £15.46,Best of British
413923,Essential British Diced Lamb Shoulder,G,false,225,https://ecom-su-static-prod.wtrecom.com/images/products/3/LN_413923_BP_3.jpg,https://www.waitrose.com/ecom/products/essential-british-diced-lamb-shoulder/413923-58248-58249,Essential British Diced Lamb Shoulder,260g,£9.25,£35.58/kg,,Best of British
731885,Snowdonia Cheese Company Black Bomber Mature Cheddar Cheese Truckle,G,false,226,https://ecom-su-static-prod.wtrecom.com/images/products/3/LN_731885_BP_3.jpg,https://www.waitrose.com/ecom/products/snowdonia-cheese-company-black-bomber-mature-cheddar-cheese-truckle/731885-807665-807666,Snowdonia Cheese Company Black Bomber Mature Cheddar Cheese Truckle,200g,£5.00,£25/kg,,Best of British
686751,Essential British Beef Braising Steak,G,false,227,https://ecom-su-static-prod.wtrecom.com/images/products/3/LN_686751_BP_3.jpg,https://www.waitrose.com/ecom/products/essential-british-beef-braising-steak/686751-806247-806248,Essential British Beef Braising Steak,400g,£4.80,£12/kg,,Best of British
044556,Duchy Organic British Beef Fillet Steak,G,false,228,https://ecom-su-static-prod.wtrecom.com/images/products/3/LN_044556_BP_3.jpg,https://www.waitrose.com/ecom/products/duchy-organic-british-beef-fillet-steak/044556-21970-21971,Duchy Organic British Beef Fillet Steak,Typical weight 0.24kg,£12.65 each est.,£52.49/kg,,Best of British
858814,Waitrose 2 Unsmoked British Gammon Steak,G,false,229,https://ecom-su-static-prod.wtrecom.com/images/products/3/LN_858814_BP_3.jpg,https://www.waitrose.com/ecom/products/waitrose-2-unsmoked-british-gammon-steak/858814-812689-812690,Waitrose 2 Unsmoked British Gammon Steak,360g,£5.00,£13.89/kg,,Best of British
681613,Waitrose British 4 British Pork Loin Medallions,G,false,230,https://ecom-su-static-prod.wtrecom.com/images/products/3/LN_681613_BP_3.jpg,https://www.waitrose.com/ecom/products/waitrose-british-4-british-pork-loin-medallions/681613-754389-754390,Waitrose British 4 British Pork Loin Medallions,400g,£5.70,£14.25/kg,,Best of British
056030,No. 1 Moody's Rosary Ash Soft Cheese Strength 2,G,false,231,https://ecom-su-static-prod.wtrecom.com/images/products/3/LN_056030_BP_3.jpg,https://www.waitrose.com/ecom/products/no-1-moodys-rosary-ash-soft-cheese-strength-2/056030-28079-28080,No. 1 Moody's Rosary Ash Soft Cheese Strength 2,100g,£4.00,£40/kg,,Best of British
094750,Waitrose British Succulent Whole Leg of Lamb,G,false,232,https://ecom-su-static-prod.wtrecom.com/images/products/3/LN_094750_BP_3.jpg,https://www.waitrose.com/ecom/products/waitrose-british-succulent-whole-leg-of-lamb/094750-48604-48605,Waitrose British Succulent Whole Leg of Lamb,Typical weight 2.2kg,£38.50 each est.,£17.50/kg,,Best of British
588153,Waitrose British Lamb Half Shoulder,G,false,233,https://ecom-su-static-prod.wtrecom.com/images/products/3/LN_588153_BP_3.jpg,https://www.waitrose.com/ecom/products/waitrose-british-lamb-half-shoulder/588153-806728-806729,Waitrose British Lamb Half Shoulder,Typical weight 0.88kg,£13.13 each est.,£15.01/kg,,Best of British
066141,Duchy Organic British Beef Rump Steak,G,false,234,https://ecom-su-static-prod.wtrecom.com/images/products/3/LN_066141_BP_3.jpg,https://www.waitrose.com/ecom/products/duchy-organic-british-beef-rump-steak/066141-33502-33503,Duchy Organic British Beef Rump Steak,Typical weight 0.22kg,£6.69 each est.,£30.00/kg,,Best of British
099005,No.1 Free Range Unsmoked English Gammon,G,false,235,https://ecom-su-static-prod.wtrecom.com/images/products/3/LN_099005_BP_3.jpg,https://www.waitrose.com/ecom/products/no1-free-range-unsmoked-english-gammon/099005-50469-50470,No.1 Free Range Unsmoked English Gammon,Typical weight 0.9kg,£14.02 each est.,£15.50/kg,,Best of British
618555,Castello Tickler Extra Mature Cheddar Cheese,G,true,236,https://ecom-su-static-prod.wtrecom.com/images/products/3/LN_618555_BP_3.jpg,https://www.waitrose.com/ecom/products/castello-tickler-extra-mature-cheddar-cheese/618555-87784-87785,Castello Tickler Extra Mature Cheddar Cheese,300g,£3.56,£11.87/kg,25% Off. Was £4.75,Best of British
529756,Waitrose 2 Smoked British Gammon Steaks,G,false,237,https://ecom-su-static-prod.wtrecom.com/images/products/3/LN_529756_BP_3.jpg,https://www.waitrose.com/ecom/products/waitrose-2-smoked-british-gammon-steaks/529756-812635-812636,Waitrose 2 Smoked British Gammon Steaks,360g,£5.00,£13.89/kg,,Best of British
897482,Duchy Organic Free Range British Pork Chops,G,false,238,https://ecom-su-static-prod.wtrecom.com/images/products/3/LN_897482_BP_3.jpg,https://www.waitrose.com/ecom/products/duchy-organic-free-range-british-pork-chops/897482-389308-389309,Duchy Organic Free Range British Pork Chops,Typical weight 0.37kg,£5.02 each est.,£13.75/kg,,Best of British
001932,Duchy Organic British Lamb Cutlets,G,false,239,https://ecom-su-static-prod.wtrecom.com/images/products/3/LN_001932_BP_3.jpg,https://www.waitrose.com/ecom/products/duchy-organic-british-lamb-cutlets/001932-425747-482,Duchy Organic British Lamb Cutlets,Typical weight 0.42kg,£12.72 each est.,£30.00/kg,,Best of British
391811,Essential Medium Cheddar Cheese Strength 3 Small,G,false,240,https://ecom-su-static-prod.wtrecom.com/images/products/3/LN_391811_BP_3.jpg,https://www.waitrose.com/ecom/products/essential-medium-cheddar-cheese-strength-3-small/391811-55079-55080,Essential Medium Cheddar Cheese Strength 3 Small,160g,£1.60,£10/kg,,Best of British
749394,Waitrose 2 British Pork & Black Garlic Burgers,G,false,241,https://ecom-su-static-prod.wtrecom.com/images/products/3/LN_749394_BP_3.jpg,https://www.waitrose.com/ecom/products/waitrose-2-british-pork-black-garlic-burgers/749394-805659-805660,Waitrose 2 British Pork & Black Garlic Burgers,340g,£4.00,£11.77/kg,,Best of British
094778,Waitrose British Boneless Extra Trim Half Leg Of Lamb,G,false,242,https://ecom-su-static-prod.wtrecom.com/images/products/3/LN_094778_BP_3.jpg,https://www.waitrose.com/ecom/products/waitrose-british-boneless-extra-trim-half-leg-of-lamb/094778-48616-48617,Waitrose British Boneless Extra Trim Half Leg Of Lamb,Typical weight 0.73kg,£19.71 each est.,£27.00/kg,,Best of British
050735,Waitrose British Boneless Pork Leg Crackling Joint,G,false,243,https://ecom-su-static-prod.wtrecom.com/images/products/3/LN_050735_BP_3.jpg,https://www.waitrose.com/ecom/products/waitrose-british-boneless-pork-leg-crackling-joint/050735-25241-25242,Waitrose British Boneless Pork Leg Crackling Joint,Typical weight 1.11kg,£10.58 each est.,£9.50/kg,,Best of British
749702,Essential Medium Grated Cheddar Cheese Strength 3 Large,G,false,244,https://ecom-su-static-prod.wtrecom.com/images/products/3/LN_749702_BP_3.jpg,https://www.waitrose.com/ecom/products/essential-medium-grated-cheddar-cheese-strength-3-large/749702-106616-106617,Essential Medium Grated Cheddar Cheese Strength 3 Large,500g,£4.40,£8.80/kg,,Best of British
088463,Duchy Organic Free Range British Pork 20 Meatballs,G,false,245,https://ecom-su-static-prod.wtrecom.com/images/products/3/LN_088463_BP_3.jpg,https://www.waitrose.com/ecom/products/duchy-organic-free-range-british-pork-20-meatballs/088463-45405-45406,Duchy Organic Free Range British Pork 20 Meatballs,300g,£4.80,£16/kg,,Best of British
869004,Cathedral City Extra Mature Cheddar Cheese Large,G,false,246,https://ecom-su-static-prod.wtrecom.com/images/products/3/LN_869004_BP_3.jpg,https://www.waitrose.com/ecom/products/cathedral-city-extra-mature-cheddar-cheese-large/869004-715182-715183,Cathedral City Extra Mature Cheddar Cheese Large,550g,£5.75,£10.46/kg,,Best of British
094571,Waitrose British Lamb Diced Leg Steak,G,false,247,https://ecom-su-static-prod.wtrecom.com/images/products/3/LN_094571_BP_3.jpg,https://www.waitrose.com/ecom/products/waitrose-british-lamb-diced-leg-steak/094571-48508-48509,Waitrose British Lamb Diced Leg Steak,250g,£10.25,£41/kg,,Best of British
026520,Duchy Organic British Lamb Loin Chops,G,false,248,https://ecom-su-static-prod.wtrecom.com/images/products/3/LN_026520_BP_3.jpg,https://www.waitrose.com/ecom/products/duchy-organic-british-lamb-loin-chops/026520-425751-12912,Duchy Organic British Lamb Loin Chops,Typical weight 0.41kg,£12.37 each est.,£30.00/kg,,Best of British
811195,Waitrose British Unsmoked Gammon Joint,G,false,249,https://ecom-su-static-prod.wtrecom.com/images/products/3/LN_811195_BP_3.jpg,https://www.waitrose.com/ecom/products/waitrose-british-unsmoked-gammon-joint/811195-812675-812676,Waitrose British Unsmoked Gammon Joint,Typical weight 1.1kg,£12.10 each est.,£11.00/kg,,Best of British
571814,Waitrose Davidstow Cornish Mature Cheddar Cheese Strength 6,G,false,250,https://ecom-su-static-prod.wtrecom.com/images/products/3/LN_571814_BP_3.jpg,https://www.waitrose.com/ecom/products/waitrose-davidstow-cornish-mature-cheddar-cheese-strength-6/571814-451662-451663,Waitrose Davidstow Cornish Mature Cheddar Cheese Strength 6,350g,£4.25,£12.15/kg,,Best of British
551848,Essential 24 British Beef Meatballs,G,false,251,https://ecom-su-static-prod.wtrecom.com/images/products/3/LN_551848_BP_3.jpg,https://www.waitrose.com/ecom/products/essential-24-british-beef-meatballs/551848-806239-806240,Essential 24 British Beef Meatballs,400g,£3.60,£9/kg,,Best of British
809273,Waitrose British Native Breed Thick Cut Rump Steak,G,false,252,https://ecom-su-static-prod.wtrecom.com/images/products/3/LN_809273_BP_3.jpg,https://www.waitrose.com/ecom/products/waitrose-british-native-breed-thick-cut-rump-steak/809273-812669-812670,Waitrose British Native Breed Thick Cut Rump Steak,300g,£6.50,£21.67/kg,,Best of British
450830,Waitrose British Lamb Whole Shoulder,G,false,253,https://ecom-su-static-prod.wtrecom.com/images/products/3/LN_450830_BP_3.jpg,https://www.waitrose.com/ecom/products/waitrose-british-lamb-whole-shoulder/450830-806720-806721,Waitrose British Lamb Whole Shoulder,Typical weight 1.78kg,£25.86 each est.,£14.50/kg,,Best of British
664438,Wensleydale Creamery Yorkshire Wensleydale Cheese,G,false,254,https://ecom-su-static-prod.wtrecom.com/images/products/3/LN_664438_BP_3.jpg,https://www.waitrose.com/ecom/products/wensleydale-creamery-yorkshire-wensleydale-cheese/664438-129734-129735,Wensleydale Creamery Yorkshire Wensleydale Cheese,200g,£2.95,£14.75/kg,,Best of British
097484,Waitrose 2 British Lamb Leg Shanks,G,false,255,https://ecom-su-static-prod.wtrecom.com/images/products/3/LN_097484_BP_3.jpg,https://www.waitrose.com/ecom/products/waitrose-2-british-lamb-leg-shanks/097484-49773-49774,Waitrose 2 British Lamb Leg Shanks,Typical weight 0.9kg,£13.50 each est.,£15.00/kg,,Best of British
856714,No. 1 Cropwell Bishop PDO Blue Stilton Cheese Strength 5,G,false,256,https://ecom-su-static-prod.wtrecom.com/images/products/3/LN_856714_BP_3.jpg,https://www.waitrose.com/ecom/products/no-1-cropwell-bishop-pdo-blue-stilton-cheese-strength-5/856714-704473-704474,No. 1 Cropwell Bishop PDO Blue Stilton Cheese Strength 5,200g,£4.10,£20.50/kg,,Best of British
839182,Waitrose Smoked British Gammon Joint,G,false,257,https://ecom-su-static-prod.wtrecom.com/images/products/3/LN_839182_BP_3.jpg,https://www.waitrose.com/ecom/products/waitrose-smoked-british-gammon-joint/839182-812683-812684,Waitrose Smoked British Gammon Joint,Typical weight 1.1kg,£12.10 each est.,£11/kg,,Best of British
883950,Castello Tickler Vintage Mature Cheddar Cheese,G,true,258,https://ecom-su-static-prod.wtrecom.com/images/products/3/LN_883950_BP_3.jpg,https://www.waitrose.com/ecom/products/castello-tickler-vintage-mature-cheddar-cheese/883950-498329-498330,Castello Tickler Vintage Mature Cheddar Cheese,300g,£3.56,£11.87/kg,25% Off. Was £4.75,Best of British
799417,Waitrose British Lamb Loin Fillet,G,false,259,https://ecom-su-static-prod.wtrecom.com/images/products/3/LN_799417_BP_3.jpg,https://www.waitrose.com/ecom/products/waitrose-british-lamb-loin-fillet/799417-683268-683269,Waitrose British Lamb Loin Fillet,Typical weight 260g,£15.60 each est.,£6.00/100g,,Best of British
492587,No. 1 Keen's Mature Cheddar Cheese Strength 5,G,false,260,https://ecom-su-static-prod.wtrecom.com/images/products/3/LN_492587_BP_3.jpg,https://www.waitrose.com/ecom/products/no-1-keens-mature-cheddar-cheese-strength-5/492587-706285-706286,No. 1 Keen's Mature Cheddar Cheese Strength 5,180g,£3.20,£17.78/kg,,Best of British
541777,No. 1 Kit Calvert Wensleydale Cheese Strength 3,G,false,261,https://ecom-su-static-prod.wtrecom.com/images/products/3/LN_541777_BP_3.jpg,https://www.waitrose.com/ecom/products/no-1-kit-calvert-wensleydale-cheese-strength-3/541777-706923-706924,No. 1 Kit Calvert Wensleydale Cheese Strength 3,150g,£3.40,£22.67/kg,,Best of British
731632,Applewood Vegan Dairy Free Cheese Block,G,false,262,https://ecom-su-static-prod.wtrecom.com/images/products/3/LN_731632_BP_3.jpg,https://www.waitrose.com/ecom/products/applewood-vegan-dairy-free-cheese-block/731632-723578-723579,Applewood Vegan Dairy Free Cheese Block,200g,£2.40,£12/kg,,Best of British
646237,No.1 British Venison Haunch Steak,G,true,263,https://ecom-su-static-prod.wtrecom.com/images/products/3/LN_646237_BP_3.jpg,https://www.waitrose.com/ecom/products/no1-british-venison-haunch-steak/646237-91716-91717,No.1 British Venison Haunch Steak,Typical weight 0.25kg,£6.56 each est.,£26.24/kg,25% Off. Was £8.75,Best of British
054036,No.1 Free Range Smoked English Gammon,G,false,264,https://ecom-su-static-prod.wtrecom.com/images/products/3/LN_054036_BP_3.jpg,https://www.waitrose.com/ecom/products/no1-free-range-smoked-english-gammon/054036-27105-27106,No.1 Free Range Smoked English Gammon,Typical weight 0.99kg,£15.36 each est.,£15.50/kg,,Best of British
800089,Castello Tickler Mature Cheddar Cheese,G,true,265,https://ecom-su-static-prod.wtrecom.com/images/products/3/LN_800089_BP_3.jpg,https://www.waitrose.com/ecom/products/castello-tickler-mature-cheddar-cheese/800089-459924-459925,Castello Tickler Mature Cheddar Cheese,300g,£3.56,£11.87/kg,25% Off. Was £4.75,Best of British
426028,Waitrose 2 British Venison Grillsteaks,G,false,266,https://ecom-su-static-prod.wtrecom.com/images/products/3/LN_426028_BP_3.jpg,https://www.waitrose.com/ecom/products/waitrose-2-british-venison-grillsteaks/426028-702453-702454,Waitrose 2 British Venison Grillsteaks,300g,£4.20,£14/kg,,Best of British
690939,"Cathedral City ""Our Strongest"" Vintage Mature Cheddar Cheese",G,false,267,https://ecom-su-static-prod.wtrecom.com/images/products/3/LN_690939_BP_3.jpg,https://www.waitrose.com/ecom/products/cathedral-city-our-strongest-vintage-mature-cheddar-cheese/690939-715114-715115,"Cathedral City ""Our Strongest"" Vintage Mature Cheddar Cheese",300g,£4.25,£14.17/kg,,Best of British
051018,Macsween Haggis,G,false,268,https://ecom-su-static-prod.wtrecom.com/images/products/3/LN_051018_BP_3.jpg,https://www.waitrose.com/ecom/products/macsween-haggis/051018-25369-25370,Macsween Haggis,500g,£4.10,£8.20/kg,,Best of British
403283,Essential British Beef Medallion Steaks,G,false,269,https://ecom-su-static-prod.wtrecom.com/images/products/3/LN_403283_BP_3.jpg,https://www.waitrose.com/ecom/products/essential-british-beef-medallion-steaks/403283-806221-806222,Essential British Beef Medallion Steaks,300g,£4.80,£16/kg,,Best of British
426866,No.1 British Beef Fillet Steak Medallions,G,false,270,https://ecom-su-static-prod.wtrecom.com/images/products/3/LN_426866_BP_3.jpg,https://www.waitrose.com/ecom/products/no1-british-beef-fillet-steak-medallions/426866-816308-816309,No.1 British Beef Fillet Steak Medallions,Typical weight 0.4kg,£19.98 each est.,£49.95/kg,,Best of British
044000,Duchy Organic Free Range British Pork Loin Steaks,G,false,271,https://ecom-su-static-prod.wtrecom.com/images/products/3/LN_044000_BP_3.jpg,https://www.waitrose.com/ecom/products/duchy-organic-free-range-british-pork-loin-steaks/044000-21685-21686,Duchy Organic Free Range British Pork Loin Steaks,Typical weight 0.4kg,£6.90 each est.,£17.25/kg,,Best of British
731601,No.1 British Free Range Pork Loin Steaks,G,false,272,https://ecom-su-static-prod.wtrecom.com/images/products/3/LN_731601_BP_3.jpg,https://www.waitrose.com/ecom/products/no1-british-free-range-pork-loin-steaks/731601-805653-805654,No.1 British Free Range Pork Loin Steaks,480g,£7.00,£14.59/kg,,Best of British
405729,Macsween Haggis in a Hurry,G,false,273,https://ecom-su-static-prod.wtrecom.com/images/products/3/LN_405729_BP_3.jpg,https://www.waitrose.com/ecom/products/macsween-haggis-in-a-hurry/405729-57093-57094,Macsween Haggis in a Hurry,130g,£1.85,£14.24/kg,,Best of British
003664,Waitrose British Extra Trimmed Whole Boneless Leg,G,false,274,https://ecom-su-static-prod.wtrecom.com/images/products/3/LN_003664_BP_3.jpg,https://www.waitrose.com/ecom/products/waitrose-british-extra-trimmed-whole-boneless-leg/003664-1505-1506,Waitrose British Extra Trimmed Whole Boneless Leg,Typical weight 1.12kg,£29.12 each est.,£26.00/kg,,Best of British
891344,No. 1 Appleby's Cheshire Cheese Strength 3,G,false,275,https://ecom-su-static-prod.wtrecom.com/images/products/3/LN_891344_BP_3.jpg,https://www.waitrose.com/ecom/products/no-1-applebys-cheshire-cheese-strength-3/891344-629544-629545,No. 1 Appleby's Cheshire Cheese Strength 3,Typical weight 0.2kg,£4.70 each est.,£23.50/kg,,Best of British
864194,Waitrose Somerset Vintage Mature Cheddar Cheese Strength 7,G,false,276,https://ecom-su-static-prod.wtrecom.com/images/products/3/LN_864194_BP_3.jpg,https://www.waitrose.com/ecom/products/waitrose-somerset-vintage-mature-cheddar-cheese-strength-7/864194-451990-451991,Waitrose Somerset Vintage Mature Cheddar Cheese Strength 7,350g,£4.50,£12.86/kg,,Best of British
777962,Waitrose 20 GB Pork Nduja Meatballs,G,false,277,https://ecom-su-static-prod.wtrecom.com/images/products/3/LN_777962_BP_3.jpg,https://www.waitrose.com/ecom/products/waitrose-20-gb-pork-nduja-meatballs/777962-805671-805672,Waitrose 20 GB Pork Nduja Meatballs,300g,£3.75,£12.50/kg,,Best of British
474274,Essential Extra Mature Cheddar Cheese Strength 6 Small,G,false,278,https://ecom-su-static-prod.wtrecom.com/images/products/3/LN_474274_BP_3.jpg,https://www.waitrose.com/ecom/products/essential-extra-mature-cheddar-cheese-strength-6-small/474274-268062-268063,Essential Extra Mature Cheddar Cheese Strength 6 Small,160g,£1.60,£10/kg,,Best of British
830483,Waitrose 4 British Lamb Leg Steaks,G,false,279,https://ecom-su-static-prod.wtrecom.com/images/products/3/LN_830483_BP_3.jpg,https://www.waitrose.com/ecom/products/waitrose-4-british-lamb-leg-steaks/830483-149893-149894,Waitrose 4 British Lamb Leg Steaks,Typical weight 0.54kg,£18.86 each est.,£35.00/kg,,Best of British
827715,Waitrose British Boneless Leg of Lamb With Garlic & Rosemary,G,false,280,https://ecom-su-static-prod.wtrecom.com/images/products/3/LN_827715_BP_3.jpg,https://www.waitrose.com/ecom/products/waitrose-british-boneless-leg-of-lamb-with-garlic-rosemary/827715-459974-459975,Waitrose British Boneless Leg of Lamb With Garlic & Rosemary,400g,£12.00,£30/kg,,Best of British
889683,Godminster Vintage British Cheddar Heart Cheese,G,false,281,https://ecom-su-static-prod.wtrecom.com/images/products/3/LN_889683_BP_3.jpg,https://www.waitrose.com/ecom/products/godminster-vintage-british-cheddar-heart-cheese/889683-260130-260131,Godminster Vintage British Cheddar Heart Cheese,200g,£5.50,£27.50/kg,,Best of British
886595,Snowdonia Cheese Company Red Storm Vintage Red Leicester Cheese Truckle,G,false,282,https://ecom-su-static-prod.wtrecom.com/images/products/3/LN_886595_BP_3.jpg,https://www.waitrose.com/ecom/products/snowdonia-cheese-company-red-storm-vintage-red-leicester-cheese-truckle/886595-726180-726181,Snowdonia Cheese Company Red Storm Vintage Red Leicester Cheese Truckle,200g,£5.00,£25/kg,,Best of British
882964,Duchy Organic British Rack Of Lamb,G,false,283,https://ecom-su-static-prod.wtrecom.com/images/products/3/LN_882964_BP_3.jpg,https://www.waitrose.com/ecom/products/duchy-organic-british-rack-of-lamb/882964-581686-581687,Duchy Organic British Rack Of Lamb,Typical weight 0.45kg,£18.90 each est.,£42.00/kg,,Best of British
882282,No.1 British Rose Veal Cote de Veau,G,false,284,https://ecom-su-static-prod.wtrecom.com/images/products/3/LN_882282_BP_3.jpg,https://www.waitrose.com/ecom/products/no1-british-rose-veal-cote-de-veau/882282-581684-581685,No.1 British Rose Veal Cote de Veau,Typical weight 0.34kg,£11.82 each est.,£34.51/kg,,Best of British
855654,No. 1 Highmoor Semi Soft Cheese Strength 3,G,false,285,https://ecom-su-static-prod.wtrecom.com/images/products/3/LN_855654_BP_3.jpg,https://www.waitrose.com/ecom/products/no-1-highmoor-semi-soft-cheese-strength-3/855654-704591-704592,No. 1 Highmoor Semi Soft Cheese Strength 3,150g,£5.60,£3.74/100g,,Best of British
833257,Rosary Goats Cheese with Garlic & Herb,G,false,286,https://ecom-su-static-prod.wtrecom.com/images/products/3/LN_833257_BP_3.jpg,https://www.waitrose.com/ecom/products/rosary-goats-cheese-with-garlic-herb/833257-726164-726165,Rosary Goats Cheese with Garlic & Herb,100g,£3.00,£30/kg,,Best of British
814030,Godminster Organic Black Truffle Mature Cheddar Cheese,G,false,287,https://ecom-su-static-prod.wtrecom.com/images/products/3/LN_814030_BP_3.jpg,https://www.waitrose.com/ecom/products/godminster-organic-black-truffle-mature-cheddar-cheese/814030-706009-706010,Godminster Organic Black Truffle Mature Cheddar Cheese,200g,£7.00,£35/kg,,Best of British
790073,Godminster Vintage Organic British Cheddar Round Cheese,G,false,288,https://ecom-su-static-prod.wtrecom.com/images/products/3/LN_790073_BP_3.jpg,https://www.waitrose.com/ecom/products/godminster-vintage-organic-british-cheddar-round-cheese/790073-681561-681562,Godminster Vintage Organic British Cheddar Round Cheese,400g,£11.50,£28.75/kg,,Best of British
777328,Cropwell Bishop Creamery Blue Stilton Cheese,G,false,289,https://ecom-su-static-prod.wtrecom.com/images/products/3/LN_777328_BP_3.jpg,https://www.waitrose.com/ecom/products/cropwell-bishop-creamery-blue-stilton-cheese/777328-129806-129807,Cropwell Bishop Creamery Blue Stilton Cheese,300g,£5.10,£17/kg,,Best of British
776285,No.1 British Rose Veal Sirloin Steak,G,false,290,https://ecom-su-static-prod.wtrecom.com/images/products/3/LN_776285_BP_3.jpg,https://www.waitrose.com/ecom/products/no1-british-rose-veal-sirloin-steak/776285-110398-110399,No.1 British Rose Veal Sirloin Steak,Typical weight 0.26kg,£7.95 each est.,£30.81/kg,,Best of British
738523,Snowdonia Cheese Company Truffle Trove British Cheddar Cheese,G,false,291,https://ecom-su-static-prod.wtrecom.com/images/products/3/LN_738523_BP_3.jpg,https://www.waitrose.com/ecom/products/snowdonia-cheese-company-truffle-trove-british-cheddar-cheese/738523-745349-745350,Snowdonia Cheese Company Truffle Trove British Cheddar Cheese,150g,£5.50,£36.67/kg,,Best of British
724969,No.1 British Venison Rack,E,false,292,https://ecom-su-static-prod.wtrecom.com/images/products/3/LN_724969_BP_3.jpg,https://www.waitrose.com/ecom/products/no1-british-venison-rack/724969-102995-102996,No.1 British Venison Rack,(1kg-2kg),£55-£110 each est.,£55 / kg,,Best of British
691281,No.1 2 British Free Range Pork T-Bone Steaks,G,false,293,https://ecom-su-static-prod.wtrecom.com/images/products/3/LN_691281_BP_3.jpg,https://www.waitrose.com/ecom/products/no1-2-british-free-range-pork-t-bone-steaks/691281-805633-805634,No.1 2 British Free Range Pork T-Bone Steaks,Typical weight 0.5kg,£7.50 each est.,£15.00/kg,,Best of British
678673,Waitrose British King Oyster Mushrooms,G,false,294,https://ecom-su-static-prod.wtrecom.com/images/products/3/LN_678673_BP_3.jpg,https://www.waitrose.com/ecom/products/waitrose-british-king-oyster-mushrooms/678673-744783-744784,Waitrose British King Oyster Mushrooms,130g,£1.95,£15/kg,,Best of British
676707,Carvery Leg of British Lamb Studded with Garlic & Rosemary,E,false,295,https://ecom-su-static-prod.wtrecom.com/images/products/3/LN_676707_BP_3.jpg,https://www.waitrose.com/ecom/products/carvery-leg-of-british-lamb-studded-with-garlic-rosemary/676707-96113-96114,Carvery Leg of British Lamb Studded with Garlic & Rosemary,(1.4kg-1.8kg),£30-£38 each est.,£21 / kg,,Best of British
668767,Waitrose Somerset Mature Cheddar Cheese Strength 5,G,false,296,https://ecom-su-static-prod.wtrecom.com/images/products/3/LN_668767_BP_3.jpg,https://www.waitrose.com/ecom/products/waitrose-somerset-mature-cheddar-cheese-strength-5/668767-451756-451757,Waitrose Somerset Mature Cheddar Cheese Strength 5,350g,£4.50,£12.86/kg,,Best of British
656965,Waitrose Mixed Snacking Tomatoes,G,false,297,https://ecom-su-static-prod.wtrecom.com/images/products/3/LN_656965_BP_3.jpg,https://www.waitrose.com/ecom/products/waitrose-mixed-snacking-tomatoes/656965-810134-810135,Waitrose Mixed Snacking Tomatoes,200g,£1.85,£9.25/kg,,Best of British
654813,Waitrose British Whole Boneless Shoulder of Lamb,G,false,298,https://ecom-su-static-prod.wtrecom.com/images/products/3/LN_654813_BP_3.jpg,https://www.waitrose.com/ecom/products/waitrose-british-whole-boneless-shoulder-of-lamb/654813-738023-738024,Waitrose British Whole Boneless Shoulder of Lamb,Typical weight 1.5kg,£30.00 each est.,£20.00/kg,,Best of British
653535,Duchy Organic British Lamb Leg Shanks,G,false,299,https://ecom-su-static-prod.wtrecom.com/images/products/3/LN_653535_BP_3.jpg,https://www.waitrose.com/ecom/products/duchy-organic-british-lamb-leg-shanks/653535-92781-92782,Duchy Organic British Lamb Leg Shanks,Typical weight 0.78kg,£12.52 each est.,£16.00/kg,,Best of British
646311,No.1 Five Bone French-Trimmed British Veal Rib,E,false,300,https://ecom-su-static-prod.wtrecom.com/images/products/3/LN_646311_BP_3.jpg,https://www.waitrose.com/ecom/products/no1-five-bone-french-trimmed-british-veal-rib/646311-442699-442700,No.1 Five Bone French-Trimmed British Veal Rib,(2kg-3.4kg),£54-£92 each est.,£27 / kg,,Best of British
635497,Sussex Charmer Mature Cheddar Cheese,G,false,301,https://ecom-su-static-prod.wtrecom.com/images/products/3/LN_635497_BP_3.jpg,https://www.waitrose.com/ecom/products/sussex-charmer-mature-cheddar-cheese/635497-660153-660154,Sussex Charmer Mature Cheddar Cheese,200g,£4.00,£20/kg,,Best of British
594144,Godminster Organic Vintage Mature Cheddar Cheese,G,false,302,https://ecom-su-static-prod.wtrecom.com/images/products/3/LN_594144_BP_3.jpg,https://www.waitrose.com/ecom/products/godminster-organic-vintage-mature-cheddar-cheese/594144-666405-666406,Godminster Organic Vintage Mature Cheddar Cheese,200g,£6.00,£30/kg,,Best of British
574495,No.1 30 Day Dry Aged Jubilee Rib of British Beef,E,false,303,https://ecom-su-static-prod.wtrecom.com/images/products/3/LN_574495_BP_3.jpg,https://www.waitrose.com/ecom/products/no1-30-day-dry-aged-jubilee-rib-of-british-beef/574495-215983-215984,No.1 30 Day Dry Aged Jubilee Rib of British Beef,(6kg-7kg),£168-£196 each est.,£28 / kg,,Best of British
570413,No.1 British Rose Veal Fillet Steak,G,false,304,https://ecom-su-static-prod.wtrecom.com/images/products/3/LN_570413_BP_3.jpg,https://www.waitrose.com/ecom/products/no1-british-rose-veal-fillet-steak/570413-581300-581301,No.1 British Rose Veal Fillet Steak,Typical weight 0.23kg,£9.53 each est.,£40.99/kg,,Best of British
549650,Hampshire Cheese Co Winslade Soft Cheese,G,false,305,https://ecom-su-static-prod.wtrecom.com/images/products/3/LN_549650_BP_3.jpg,https://www.waitrose.com/ecom/products/hampshire-cheese-co-winslade-soft-cheese/549650-640326-640327,Hampshire Cheese Co Winslade Soft Cheese,230g,£8.50,£36.96/kg,,Best of British
544362,British Native Breed Whole Beef Brisket,E,false,306,https://ecom-su-static-prod.wtrecom.com/images/products/3/LN_544362_BP_3.jpg,https://www.waitrose.com/ecom/products/british-native-breed-whole-beef-brisket/544362-506103-506104,British Native Breed Whole Beef Brisket,(2.2kg-2.8kg),£31-£40 each est.,£14 / kg,,Best of British
517735,Pilgrims Choice Vintage Mature Cheddar Cheese,G,true,307,https://ecom-su-static-prod.wtrecom.com/images/products/3/LN_517735_BP_3.jpg,https://www.waitrose.com/ecom/products/pilgrims-choice-vintage-mature-cheddar-cheese/517735-815494-815495,Pilgrims Choice Vintage Mature Cheddar Cheese,300g,£3.18,£10.60/kg,25% Off. Was £4.25,Best of British
513226,British Native Breed Beef Fillet,E,false,308,https://ecom-su-static-prod.wtrecom.com/images/products/3/LN_513226_BP_3.jpg,https://www.waitrose.com/ecom/products/british-native-breed-beef-fillet/513226-673539-673540,British Native Breed Beef Fillet,(1.8kg-2.2kg),£94-£115 each est.,£52 / kg,,Best of British
491136,Waitrose 4 British Lamb Leg Steaks,G,false,309,https://ecom-su-static-prod.wtrecom.com/images/products/3/LN_491136_BP_3.jpg,https://www.waitrose.com/ecom/products/waitrose-4-british-lamb-leg-steaks/491136-806722-806723,Waitrose 4 British Lamb Leg Steaks,Typical weight 0.5kg,£13.57 each est.,£27.00/kg,,Best of British
476915,No.1 British Calves' Liver,G,false,310,https://ecom-su-static-prod.wtrecom.com/images/products/3/LN_476915_BP_3.jpg,https://www.waitrose.com/ecom/products/no1-british-calves-liver/476915-67294-67295,No.1 British Calves' Liver,Typical weight 0.23kg,£8.37 each est.,£36.00/kg,,Best of British
475269,No. 1 Cote Hill Lindum Semi Hard Cheese Strength 3,G,false,311,https://ecom-su-static-prod.wtrecom.com/images/products/3/LN_475269_BP_3.jpg,https://www.waitrose.com/ecom/products/no-1-cote-hill-lindum-semi-hard-cheese-strength-3/475269-665281-665282,No. 1 Cote Hill Lindum Semi Hard Cheese Strength 3,Typical weight 150g,£3.71 each est.,£2.47/100g,,Best of British
444210,No.1 Free Range British Pork Hog Roast with Sage & Onion Stuffing and Apple Sauce,E,false,312,https://ecom-su-static-prod.wtrecom.com/images/products/3/LN_444210_BP_3.jpg,https://www.waitrose.com/ecom/products/no1-free-range-british-pork-hog-roast-with-sage-onion-stuffing-and-apple-sauce/444210-357186-357187,No.1 Free Range British Pork Hog Roast with Sage & Onion Stuffing and Apple Sauce,(3.1kg-3.7kg),£35-£41 each est.,£11 / kg,,Best of British
438996,Godminster Vintage Organic Daredevil Chilli British Cheddar Cheese,G,false,313,https://ecom-su-static-prod.wtrecom.com/images/products/3/LN_438996_BP_3.jpg,https://www.waitrose.com/ecom/products/godminster-vintage-organic-daredevil-chilli-british-cheddar-cheese/438996-770258-770259,Godminster Vintage Organic Daredevil Chilli British Cheddar Cheese,200g,£6.50,£32.50/kg,,Best of British
415568,British Lamb Guard of Honour with a Pesto & Pine Nut Crust,E,false,314,https://ecom-su-static-prod.wtrecom.com/images/products/3/LN_415568_BP_3.jpg,https://www.waitrose.com/ecom/products/british-lamb-guard-of-honour-with-a-pesto-pine-nut-crust/415568-132284-132285,British Lamb Guard of Honour with a Pesto & Pine Nut Crust,(0.9kg-1.1kg),£32-£39 each est.,£35 / kg,,Best of British
412266,No.1 Dry Aged British Beef Bone-In Sirloin Joint,G,false,315,https://ecom-su-static-prod.wtrecom.com/images/products/3/LN_412266_BP_3.jpg,https://www.waitrose.com/ecom/products/no1-dry-aged-british-beef-bone-in-sirloin-joint/412266-702423-702424,No.1 Dry Aged British Beef Bone-In Sirloin Joint,Typical weight 1.4kg,£53.20 each est.,£38.00/kg,,Best of British
091976,Waitrose British Diced Rose Veal,G,false,316,https://ecom-su-static-prod.wtrecom.com/images/products/3/LN_091976_BP_3.jpg,https://www.waitrose.com/ecom/products/waitrose-british-diced-rose-veal/091976-47358-47359,Waitrose British Diced Rose Veal,275g,£4.75,£17.28/kg,,Best of British
088039,Cooks' Ingredients Blackcurrants,G,true,317,https://ecom-su-static-prod.wtrecom.com/images/products/3/LN_088039_BP_3.jpg,https://www.waitrose.com/ecom/products/cooks-ingredients-blackcurrants/088039-730554-45018,Cooks' Ingredients Blackcurrants,150g,£2.20,£14.67/kg,Add 2 for £4,Best of British
088033,Waitrose Dessert Gooseberries,G,true,318,https://ecom-su-static-prod.wtrecom.com/images/products/3/LN_088033_BP_3.jpg,https://www.waitrose.com/ecom/products/waitrose-dessert-gooseberries/088033-45008-45009,Waitrose Dessert Gooseberries,300g,£2.50,£8.34/kg,Add 2 for £4,Best of British
079552,Boneless Leg of British Lamb with Apricot & Rosemary,E,false,319,https://ecom-su-static-prod.wtrecom.com/images/products/3/LN_079552_BP_3.jpg,https://www.waitrose.com/ecom/products/boneless-leg-of-british-lamb-with-apricot-rosemary/079552-40485-40486,Boneless Leg of British Lamb with Apricot & Rosemary,(1.1kg-1.5kg),£24-£32 each est.,£21 / kg,,Best of British
058912,Duchy Organic British Pork Leg Joint,G,false,320,https://ecom-su-static-prod.wtrecom.com/images/products/3/LN_058912_BP_3.jpg,https://www.waitrose.com/ecom/products/duchy-organic-british-pork-leg-joint/058912-29648-29649,Duchy Organic British Pork Leg Joint,Typical weight 1.1kg,£14.30 each est.,£13.00/kg,,Best of British
042306,Duchy Organic Free Range British Pork Fillet,G,false,321,https://ecom-su-static-prod.wtrecom.com/images/products/3/LN_042306_BP_3.jpg,https://www.waitrose.com/ecom/products/duchy-organic-free-range-british-pork-fillet/042306-20944-20945,Duchy Organic Free Range British Pork Fillet,Typical weight 0.45kg,£10.35 each est.,£23.00/kg,,Best of British
018427,Duchy Organic British Lamb Half Leg,G,false,322,https://ecom-su-static-prod.wtrecom.com/images/products/3/LN_018427_BP_3.jpg,https://www.waitrose.com/ecom/products/duchy-organic-british-lamb-half-leg/018427-425748-8914,Duchy Organic British Lamb Half Leg,Typical weight 0.94kg,£24.31 each est.,£26.00/kg,,Best of British
