data-product-id,data-product-name,data-product-type,data-product-on-offer,data-product-index,image-url,product-page,product-name,product-size,item-price,price-per-unit,offer-description,category
772513,Goodrays CBD Mixed Pack Sparkling Drink,G,true,2533,https://ecom-su-static-prod.wtrecom.com/images/products/3/LN_772513_BP_3.jpg,https://www.waitrose.com/ecom/products/goodrays-cbd-mixed-pack-sparkling-drink/772513-806313-806313,Goodrays CBD Mixed Pack Sparkling Drink,4x250ml,£6.00,60p/100ml,save £1.50. Was £7.50,Dietary & Lifestyle
786602,Activia Strawberry Gut Health Yogurts,G,true,462,https://ecom-su-static-prod.wtrecom.com/images/products/3/LN_786602_BP_3.jpg,https://www.waitrose.com/ecom/products/activia-strawberry-gut-health-yogurts/786602-690832-690833,Activia Strawberry Gut Health Yogurts,4x115g,£1.75,38p/100g,save 90p. Was £2.65,Dietary & Lifestyle
831973,Calippo Mini Orange & Lemon-Lime Ice Cream Lollies,G,true,757,https://ecom-su-static-prod.wtrecom.com/images/products/3/LN_831973_BP_3.jpg,https://www.waitrose.com/ecom/products/calippo-mini-orange-lemon-lime-ice-cream-lollies/831973-688722-688723,Calippo Mini Orange & Lemon-Lime Ice Cream Lollies,5x80ml,£2.75,68.8p/100ml,Add 2 for £4,Dietary & Lifestyle
088903,Essential Fairtrade Bananas,G,false,4,https://ecom-su-static-prod.wtrecom.com/images/products/3/LN_088903_BP_3.jpg,https://www.waitrose.com/ecom/products/essential-fairtrade-bananas/088903-45703-45704,Essential Fairtrade Bananas,Typical weight 0.18kg,20p each est.,£1.10/kg,,Dietary & Lifestyle
053457,Essential British Free Range Semi-Skimmed Milk 4 Pints,G,false,5,https://ecom-su-static-prod.wtrecom.com/images/products/3/LN_053457_BP_3.jpg,https://www.waitrose.com/ecom/products/essential-british-free-range-semi-skimmed-milk-4-pints/053457-26759-26760,Essential British Free Range Semi-Skimmed Milk 4 Pints,2.272litre,£1.55,68.2p/litre,,Dietary & Lifestyle
086468,Essential Cucumber,G,false,6,https://ecom-su-static-prod.wtrecom.com/images/products/3/LN_086468_BP_3.jpg,https://www.waitrose.com/ecom/products/essential-cucumber/086468-44158-44159,Essential Cucumber,Each,95p,95p each,,Dietary & Lifestyle
088067,Waitrose British Strawberries,G,true,7,https://ecom-su-static-prod.wtrecom.com/images/products/3/LN_088067_BP_3.jpg,https://www.waitrose.com/ecom/products/waitrose-british-strawberries/088067-372145-45059,Waitrose British Strawberries,400g,£3.00,£7.50/kg,Add 2 for £4,Dietary & Lifestyle
086412,Essential Red Peppers,G,false,8,https://ecom-su-static-prod.wtrecom.com/images/products/3/LN_086412_BP_3.jpg,https://www.waitrose.com/ecom/products/essential-red-peppers/086412-44120-44121,Essential Red Peppers,Typical weight 0.16kg,60p each est.,£3.75/kg,,Dietary & Lifestyle
088528,Essential Fairtrade Bananas,G,false,9,https://ecom-su-static-prod.wtrecom.com/images/products/3/LN_088528_BP_3.jpg,https://www.waitrose.com/ecom/products/essential-fairtrade-bananas/088528-45453-45454,Essential Fairtrade Bananas,5s,95p,19p each,,Dietary & Lifestyle
053448,Essential British Free Range Semi-Skimmed Milk 2 Pints,G,false,10,https://ecom-su-static-prod.wtrecom.com/images/products/3/LN_053448_BP_3.jpg,https://www.waitrose.com/ecom/products/essential-british-free-range-semi-skimmed-milk-2-pints/053448-26749-26750,Essential British Free Range Semi-Skimmed Milk 2 Pints,1.136litre,£1.25,£1.11/litre,,Dietary & Lifestyle
085125,Essential Carrots,G,false,11,https://ecom-su-static-prod.wtrecom.com/images/products/3/LN_085125_BP_3.jpg,https://www.waitrose.com/ecom/products/essential-carrots/085125-43221-43222,Essential Carrots,Typical weight 0.14kg,10p each est.,70p/kg,,Dietary & Lifestyle
085115,Essential Onions,G,false,12,https://ecom-su-static-prod.wtrecom.com/images/products/3/LN_085115_BP_3.jpg,https://www.waitrose.com/ecom/products/essential-onions/085115-43203-43204,Essential Onions,Typical weight 0.15kg,15p each est.,£1/kg,,Dietary & Lifestyle
009596,Waitrose Cherry Vine Tomatoes,G,false,13,https://ecom-su-static-prod.wtrecom.com/images/products/3/LN_009596_BP_3.jpg,https://www.waitrose.com/ecom/products/waitrose-cherry-vine-tomatoes/009596-4741-4742,Waitrose Cherry Vine Tomatoes,400g,£3.25,£8.13/kg,,Dietary & Lifestyle
088411,Essential Lemons,G,false,14,https://ecom-su-static-prod.wtrecom.com/images/products/3/LN_088411_BP_3.jpg,https://www.waitrose.com/ecom/products/essential-lemons/088411-45361-45362,Essential Lemons,Each,35p,35p each,,Dietary & Lifestyle
088061,Waitrose Raspberries,G,true,15,https://ecom-su-static-prod.wtrecom.com/images/products/3/LN_088061_BP_3.jpg,https://www.waitrose.com/ecom/products/waitrose-raspberries/088061-372144-45046,Waitrose Raspberries,150g,£2.60,£17.34/kg,Add 2 for £4,Dietary & Lifestyle
019292,Perfectly Ripe Avocados,G,false,16,https://ecom-su-static-prod.wtrecom.com/images/products/3/LN_019292_BP_3.jpg,https://www.waitrose.com/ecom/products/perfectly-ripe-avocados/019292-9331-9332,Perfectly Ripe Avocados,2s,£1.90,95p each,,Dietary & Lifestyle
085242,Essential Broccoli,G,false,17,https://ecom-su-static-prod.wtrecom.com/images/products/3/LN_085242_BP_3.jpg,https://www.waitrose.com/ecom/products/essential-broccoli/085242-43323-43324,Essential Broccoli,Typical weight 0.4kg,£1.00 each est.,£2.50/kg,,Dietary & Lifestyle
086453,Essential Bunched Salad Onions,G,false,18,https://ecom-su-static-prod.wtrecom.com/images/products/3/LN_086453_BP_3.jpg,https://www.waitrose.com/ecom/products/essential-bunched-salad-onions/086453-44148-44149,Essential Bunched Salad Onions,Each,65p,65p each,,Dietary & Lifestyle
085111,Essential Red Onions,G,false,19,https://ecom-su-static-prod.wtrecom.com/images/products/3/LN_085111_BP_3.jpg,https://www.waitrose.com/ecom/products/essential-red-onions/085111-43197-43198,Essential Red Onions,Typical weight 0.17kg,17p each est.,£1/kg,,Dietary & Lifestyle
085127,Essential Carrots,G,false,20,https://ecom-su-static-prod.wtrecom.com/images/products/3/LN_085127_BP_3.jpg,https://www.waitrose.com/ecom/products/essential-carrots/085127-415835-43225,Essential Carrots,1kg,70p,70p/kg,,Dietary & Lifestyle
086430,Essential Little Gem Lettuce,G,false,21,https://ecom-su-static-prod.wtrecom.com/images/products/3/LN_086430_BP_3.jpg,https://www.waitrose.com/ecom/products/essential-little-gem-lettuce/086430-44132-44133,Essential Little Gem Lettuce,2s,90p,45p each,,Dietary & Lifestyle
856706,Essential Free Range White Eggs,G,false,22,https://ecom-su-static-prod.wtrecom.com/images/products/3/LN_856706_BP_3.jpg,https://www.waitrose.com/ecom/products/essential-free-range-white-eggs/856706-653765-653766,Essential Free Range White Eggs,6s,£1.30,21.7p each,,Dietary & Lifestyle
085437,Essential Courgettes,G,false,23,https://ecom-su-static-prod.wtrecom.com/images/products/3/LN_085437_BP_3.jpg,https://www.waitrose.com/ecom/products/essential-courgettes/085437-43488-43489,Essential Courgettes,Typical weight 0.21kg,63p each est.,£3.00/kg,,Dietary & Lifestyle
033668,Waitrose Small Fairtrade Bananas,G,false,24,https://ecom-su-static-prod.wtrecom.com/images/products/3/LN_033668_BP_3.jpg,https://www.waitrose.com/ecom/products/waitrose-small-fairtrade-bananas/033668-16881-16882,Waitrose Small Fairtrade Bananas,7s,£1.25,17.9p each,,Dietary & Lifestyle
603507,Waitrose Seedless Easy Peelers,G,true,25,https://ecom-su-static-prod.wtrecom.com/images/products/3/LN_603507_BP_3.jpg,https://www.waitrose.com/ecom/products/waitrose-seedless-easy-peelers/603507-85619-85620,Waitrose Seedless Easy Peelers,600g,£2.50,£4.17/kg,Add 2 for £4,Dietary & Lifestyle
483587,Waitrose Blueberries,G,true,26,https://ecom-su-static-prod.wtrecom.com/images/products/3/LN_483587_BP_3.jpg,https://www.waitrose.com/ecom/products/waitrose-blueberries/483587-344052-344053,Waitrose Blueberries,150g,£2.50,£16.67/kg,Add 2 for £4,Dietary & Lifestyle
019062,Essential Baked Beans in Tomato Sauce,G,true,27,https://ecom-su-static-prod.wtrecom.com/images/products/3/LN_019062_BP_3.jpg,https://www.waitrose.com/ecom/products/essential-baked-beans-in-tomato-sauce/019062-9205-9206,Essential Baked Beans in Tomato Sauce,420g,55p,£1.31/kg,Add 4 for £1.90,Dietary & Lifestyle
085049,Waitrose Baby New Potatoes,G,false,28,https://ecom-su-static-prod.wtrecom.com/images/products/3/LN_085049_BP_3.jpg,https://www.waitrose.com/ecom/products/waitrose-baby-new-potatoes/085049-43161-43162,Waitrose Baby New Potatoes,750g,£1.70,£2.27/kg,,Dietary & Lifestyle
088460,Cooks' Ingredients Unwaxed Lemons,G,false,29,https://ecom-su-static-prod.wtrecom.com/images/products/3/LN_088460_BP_3.jpg,https://www.waitrose.com/ecom/products/cooks-ingredients-unwaxed-lemons/088460-45401-45402,Cooks' Ingredients Unwaxed Lemons,4s,£1.70,42.5p each,,Dietary & Lifestyle
086143,086143 - Cooks' Ingredients Garlic,G,false,30,https://ecom-su-static-prod.wtrecom.com/images/products/3/LN_086143_BP_3.jpg,https://www.waitrose.com/ecom/products/086143-cooks-ingredients-garlic/086143-43987-43988,086143 - Cooks' Ingredients Garlic,Each,60p,60p each,,Dietary & Lifestyle
517737,Essential Sweet Potatoes,G,false,31,https://ecom-su-static-prod.wtrecom.com/images/products/3/LN_517737_BP_3.jpg,https://www.waitrose.com/ecom/products/essential-sweet-potatoes/517737-349824-349825,Essential Sweet Potatoes,Typical weight 294g,38p each est.,13p/100g,,Dietary & Lifestyle
085024,Essential Large Potatoes,G,false,32,https://ecom-su-static-prod.wtrecom.com/images/products/3/LN_085024_BP_3.jpg,https://www.waitrose.com/ecom/products/essential-large-potatoes/085024-43126-43127,Essential Large Potatoes,4s,80p,20p each,,Dietary & Lifestyle
053404,Essential British Free Range Whole Milk 4 Pints,G,false,33,https://ecom-su-static-prod.wtrecom.com/images/products/3/LN_053404_BP_3.jpg,https://www.waitrose.com/ecom/products/essential-british-free-range-whole-milk-4-pints/053404-26711-26712,Essential British Free Range Whole Milk 4 Pints,2.272litre,£1.55,68.2p/litre,,Dietary & Lifestyle
070278,Waitrose Perfectly Ripe Avocado,G,false,34,https://ecom-su-static-prod.wtrecom.com/images/products/3/LN_070278_BP_3.jpg,https://www.waitrose.com/ecom/products/waitrose-perfectly-ripe-avocado/070278-35580-35581,Waitrose Perfectly Ripe Avocado,Each,£1.20,£1.20 each,,Dietary & Lifestyle
088036,Essential Blueberries,G,false,35,https://ecom-su-static-prod.wtrecom.com/images/products/3/LN_088036_BP_3.jpg,https://www.waitrose.com/ecom/products/essential-blueberries/088036-45014-45015,Essential Blueberries,150g,£2.00,£13.34/kg,,Dietary & Lifestyle
082926,Waitrose FR Mixed Size Eggs British Blacktail,G,false,36,https://ecom-su-static-prod.wtrecom.com/images/products/3/LN_082926_BP_3.jpg,https://www.waitrose.com/ecom/products/waitrose-fr-mixed-size-eggs-british-blacktail/082926-42143-42144,Waitrose FR Mixed Size Eggs British Blacktail,12s,£3.20,26.7p each,,Dietary & Lifestyle
005274,Waitrose Classic Vine Tomatoes,G,false,37,https://ecom-su-static-prod.wtrecom.com/images/products/3/LN_005274_BP_3.jpg,https://www.waitrose.com/ecom/products/waitrose-classic-vine-tomatoes/005274-2275-2276,Waitrose Classic Vine Tomatoes,450g,£2.30,£5.12/kg,,Dietary & Lifestyle
058044,Sweet Peppers,G,true,38,https://ecom-su-static-prod.wtrecom.com/images/products/3/LN_058044_BP_3.jpg,https://www.waitrose.com/ecom/products/sweet-peppers/058044-29138-29139,Sweet Peppers,3s,£1.42,47.3p each,25% Off. Was £1.90,Dietary & Lifestyle
862346,Waitrose Yellow Flesh Nectarines,G,true,39,https://ecom-su-static-prod.wtrecom.com/images/products/3/LN_862346_BP_3.jpg,https://www.waitrose.com/ecom/products/waitrose-yellow-flesh-nectarines/862346-498293-498294,Waitrose Yellow Flesh Nectarines,4s,£3.00,75p each,Add 2 for £4,Dietary & Lifestyle
085005,Essential Large White Potatoes,G,false,40,https://ecom-su-static-prod.wtrecom.com/images/products/3/LN_085005_BP_3.jpg,https://www.waitrose.com/ecom/products/essential-large-white-potatoes/085005-43095-43096,Essential Large White Potatoes,Typical weight 0.28kg,24p each est.,87p/kg,,Dietary & Lifestyle
085489,Essential Aubergines,G,false,41,https://ecom-su-static-prod.wtrecom.com/images/products/3/LN_085489_BP_3.jpg,https://www.waitrose.com/ecom/products/essential-aubergines/085489-43562-43563,Essential Aubergines,Each,£1.00,£1 each,,Dietary & Lifestyle
890609,Essential Raspberries,G,false,42,https://ecom-su-static-prod.wtrecom.com/images/products/3/LN_890609_BP_3.jpg,https://www.waitrose.com/ecom/products/essential-raspberries/890609-151436-151437,Essential Raspberries,150g,£2.00,£13.34/kg,,Dietary & Lifestyle
088973,Duchy Organic Blueberries,G,false,43,https://ecom-su-static-prod.wtrecom.com/images/products/3/LN_088973_BP_3.jpg,https://www.waitrose.com/ecom/products/duchy-organic-blueberries/088973-45748-45749,Duchy Organic Blueberries,125g,£2.50,£20/kg,,Dietary & Lifestyle
085847,Waitrose Large British Blacktail Free Range Eggs,G,false,44,https://ecom-su-static-prod.wtrecom.com/images/products/3/LN_085847_BP_3.jpg,https://www.waitrose.com/ecom/products/waitrose-large-british-blacktail-free-range-eggs/085847-43794-43795,Waitrose Large British Blacktail Free Range Eggs,12s,£4.25,35.4p each,,Dietary & Lifestyle
067520,Waitrose Baby Spinach,G,false,45,https://ecom-su-static-prod.wtrecom.com/images/products/3/LN_067520_BP_3.jpg,https://www.waitrose.com/ecom/products/waitrose-baby-spinach/067520-34265-34266,Waitrose Baby Spinach,120g,£1.50,£1.25/100g,,Dietary & Lifestyle
085247,Essential Cauliflower,G,false,46,https://ecom-su-static-prod.wtrecom.com/images/products/3/LN_085247_BP_3.jpg,https://www.waitrose.com/ecom/products/essential-cauliflower/085247-43327-43328,Essential Cauliflower,Each,£1.20,£1.20 each,,Dietary & Lifestyle
086535,Waitrose Cherry Vine Tomatoes,G,true,47,https://ecom-su-static-prod.wtrecom.com/images/products/3/LN_086535_BP_3.jpg,https://www.waitrose.com/ecom/products/waitrose-cherry-vine-tomatoes/086535-44218-44219,Waitrose Cherry Vine Tomatoes,270g,£1.76,£6.52/kg,25% Off. Was £2.35,Dietary & Lifestyle
476506,Waitrose Midi Cucumber,G,false,48,https://ecom-su-static-prod.wtrecom.com/images/products/3/LN_476506_BP_3.jpg,https://www.waitrose.com/ecom/products/waitrose-midi-cucumber/476506-381748-381749,Waitrose Midi Cucumber,each,65p,65p each,,Dietary & Lifestyle
085201,Essential Leeks,G,false,,https://ecom-su-static-prod.wtrecom.com/images/products/3/LN_085201_BP_3.jpg,https://www.waitrose.com/ecom/products/essential-leeks/085201-43266-43267,,,,,,Dietary & Lifestyle
085513,Duchy Organic Carrots,G,false,,https://ecom-su-static-prod.wtrecom.com/images/products/3/LN_085513_BP_3.jpg,https://www.waitrose.com/ecom/products/duchy-organic-carrots/085513-43592-43593,,,,,,Dietary & Lifestyle
085122,Waitrose Onions,G,false,49,https://ecom-su-static-prod.wtrecom.com/images/products/3/LN_085122_BP_3.jpg,https://www.waitrose.com/ecom/products/waitrose-onions/085122-43215-43216,Waitrose Onions,4s,£1.50,37.5p each,,Dietary & Lifestyle
046207,Waitrose 2 Scottish Salmon Fillets,G,true,50,https://ecom-su-static-prod.wtrecom.com/images/products/3/LN_046207_BP_3.jpg,https://www.waitrose.com/ecom/products/waitrose-2-scottish-salmon-fillets/046207-22751-22752,Waitrose 2 Scottish Salmon Fillets,260g,£4.46,£17.16/kg,25% Off. Was £5.95,Dietary & Lifestyle
738541,Waitrose Chestnut Mushrooms,G,false,51,https://ecom-su-static-prod.wtrecom.com/images/products/3/LN_738541_BP_3.jpg,https://www.waitrose.com/ecom/products/waitrose-chestnut-mushrooms/738541-104980-104981,Waitrose Chestnut Mushrooms,250g,£1.25,£5/kg,,Dietary & Lifestyle
049842,Waitrose Seedless Grape Selection,G,true,52,https://ecom-su-static-prod.wtrecom.com/images/products/3/LN_049842_BP_3.jpg,https://www.waitrose.com/ecom/products/waitrose-seedless-grape-selection/049842-24815-24816,Waitrose Seedless Grape Selection,400g,£2.60,£6.50/kg,Add 2 for £4,Dietary & Lifestyle
088461,Essential Limes,G,false,53,https://ecom-su-static-prod.wtrecom.com/images/products/3/LN_088461_BP_3.jpg,https://www.waitrose.com/ecom/products/essential-limes/088461-45403-45404,Essential Limes,Each,30p,30p each,,Dietary & Lifestyle
085704,Essential Cup Mushrooms,G,false,54,https://ecom-su-static-prod.wtrecom.com/images/products/3/LN_085704_BP_3.jpg,https://www.waitrose.com/ecom/products/essential-cup-mushrooms/085704-43729-43729,Essential Cup Mushrooms,300g,£1.00,£3.34/kg,,Dietary & Lifestyle
086515,Essential Tomatoes,G,false,55,https://ecom-su-static-prod.wtrecom.com/images/products/3/LN_086515_BP_3.jpg,https://www.waitrose.com/ecom/products/essential-tomatoes/086515-44198-44199,Essential Tomatoes,6s,£1.00,16.7p each,,Dietary & Lifestyle
565210,Essential Natural Greek Style Yogurt,G,false,56,https://ecom-su-static-prod.wtrecom.com/images/products/3/LN_565210_BP_3.jpg,https://www.waitrose.com/ecom/products/essential-natural-greek-style-yogurt/565210-80062-80063,Essential Natural Greek Style Yogurt,500g,£1.10,22p/100g,,Dietary & Lifestyle
085043,Waitrose Jersey Royal New Potatoes,G,true,57,https://ecom-su-static-prod.wtrecom.com/images/products/3/LN_085043_BP_3.jpg,https://www.waitrose.com/ecom/products/waitrose-jersey-royal-new-potatoes/085043-43153-43154,Waitrose Jersey Royal New Potatoes,750g,£1.87,£2.50/kg,25% Off. Was £2.50,Dietary & Lifestyle
004737,Waitrose British Blacktail FR Medium Eggs,G,false,58,https://ecom-su-static-prod.wtrecom.com/images/products/3/LN_004737_BP_3.jpg,https://www.waitrose.com/ecom/products/waitrose-british-blacktail-fr-medium-eggs/004737-2041-2042,Waitrose British Blacktail FR Medium Eggs,6s,£1.75,29.2p each,,Dietary & Lifestyle
805332,Waitrose Blueberries,G,false,59,https://ecom-su-static-prod.wtrecom.com/images/products/3/LN_805332_BP_3.jpg,https://www.waitrose.com/ecom/products/waitrose-blueberries/805332-665151-665152,Waitrose Blueberries,360g,£4.60,£12.78/kg,,Dietary & Lifestyle
039809,Waitrose Eggs British Blacktail Free Range,G,false,60,https://ecom-su-static-prod.wtrecom.com/images/products/3/LN_039809_BP_3.jpg,https://www.waitrose.com/ecom/products/waitrose-eggs-british-blacktail-free-range/039809-19704-19705,Waitrose Eggs British Blacktail Free Range,6s,£2.60,43.3p each,,Dietary & Lifestyle
088937,Duchy Organic Fairtrade Bananas,G,false,61,https://ecom-su-static-prod.wtrecom.com/images/products/3/LN_088937_BP_3.jpg,https://www.waitrose.com/ecom/products/duchy-organic-fairtrade-bananas/088937-45726-45727,Duchy Organic Fairtrade Bananas,6s,£1.95,32.5p each,,Dietary & Lifestyle
085035,Essential Loose Baby Potatoes,G,false,62,https://ecom-su-static-prod.wtrecom.com/images/products/3/LN_085035_BP_3.jpg,https://www.waitrose.com/ecom/products/essential-loose-baby-potatoes/085035-43141-43142,Essential Loose Baby Potatoes,Typical weight 0.06kg,8p each est.,£1.30/kg,,Dietary & Lifestyle
085063,Waitrose Maris Piper Potatoes,G,false,63,https://ecom-su-static-prod.wtrecom.com/images/products/3/LN_085063_BP_3.jpg,https://www.waitrose.com/ecom/products/waitrose-maris-piper-potatoes/085063-372142-43169,Waitrose Maris Piper Potatoes,2kg,£2.10,£1.05/kg,,Dietary & Lifestyle
086445,Essential Green Celery,G,false,64,https://ecom-su-static-prod.wtrecom.com/images/products/3/LN_086445_BP_3.jpg,https://www.waitrose.com/ecom/products/essential-green-celery/086445-44146-44147,Essential Green Celery,Each,80p,80p each,,Dietary & Lifestyle
487080,Waitrose Blueberries,G,false,65,https://ecom-su-static-prod.wtrecom.com/images/products/3/LN_487080_BP_3.jpg,https://www.waitrose.com/ecom/products/waitrose-blueberries/487080-497722-497723,Waitrose Blueberries,225g,£3.50,£15.56/kg,,Dietary & Lifestyle
027969,Waitrose Pink Lady Apples,G,false,66,https://ecom-su-static-prod.wtrecom.com/images/products/3/LN_027969_BP_3.jpg,https://www.waitrose.com/ecom/products/waitrose-pink-lady-apples/027969-13615-13616,Waitrose Pink Lady Apples,6s,£3.00,50p each,,Dietary & Lifestyle
053403,Essential British Free Range Whole Milk 2 Pints,G,false,67,https://ecom-su-static-prod.wtrecom.com/images/products/3/LN_053403_BP_3.jpg,https://www.waitrose.com/ecom/products/essential-british-free-range-whole-milk-2-pints/053403-26709-26710,Essential British Free Range Whole Milk 2 Pints,1.136litre,£1.25,£1.11/litre,,Dietary & Lifestyle
019831,Essential Sweetcorn,G,true,68,https://ecom-su-static-prod.wtrecom.com/images/products/3/LN_019831_BP_3.jpg,https://www.waitrose.com/ecom/products/essential-sweetcorn/019831-9662-9663,Essential Sweetcorn,drained 160g,80p,£5/kg,Add 3 for £2,Dietary & Lifestyle
053446,Essential British Free Range Skimmed Milk 2 Pints,G,false,69,https://ecom-su-static-prod.wtrecom.com/images/products/3/LN_053446_BP_3.jpg,https://www.waitrose.com/ecom/products/essential-british-free-range-skimmed-milk-2-pints/053446-26745-26746,Essential British Free Range Skimmed Milk 2 Pints,1.136litre,£1.25,£1.11/litre,,Dietary & Lifestyle
564598,Duchy Organic Salad Cucumber,G,false,70,https://ecom-su-static-prod.wtrecom.com/images/products/3/LN_564598_BP_3.jpg,https://www.waitrose.com/ecom/products/duchy-organic-salad-cucumber/564598-79966-79967,Duchy Organic Salad Cucumber,each,£1.40,£1.40 each,,Dietary & Lifestyle
058459,Essential Still Natural Mineral Water,G,false,71,https://ecom-su-static-prod.wtrecom.com/images/products/3/LN_058459_BP_3.jpg,https://www.waitrose.com/ecom/products/essential-still-natural-mineral-water/058459-29415-29416,Essential Still Natural Mineral Water,4x2litre,£1.85,2.3p/100ml,,Dietary & Lifestyle
370623,Waitrose 2 MSC Wild Keta Salmon Fillets,G,true,72,https://ecom-su-static-prod.wtrecom.com/images/products/3/LN_370623_BP_3.jpg,https://www.waitrose.com/ecom/products/waitrose-2-msc-wild-keta-salmon-fillets/370623-237474-237475,Waitrose 2 MSC Wild Keta Salmon Fillets,220g,£5.50,£25/kg,Add 3 for £12,Dietary & Lifestyle
086434,Essential Iceberg Lettuce,G,false,73,https://ecom-su-static-prod.wtrecom.com/images/products/3/LN_086434_BP_3.jpg,https://www.waitrose.com/ecom/products/essential-iceberg-lettuce/086434-44134-44135,Essential Iceberg Lettuce,Each,90p,90p each,,Dietary & Lifestyle
088416,Essential Easy Peelers,G,false,74,https://ecom-su-static-prod.wtrecom.com/images/products/3/LN_088416_BP_3.jpg,https://www.waitrose.com/ecom/products/essential-easy-peelers/088416-45367-45368,Essential Easy Peelers,600g,£1.50,£2.50/kg,,Dietary & Lifestyle
086926,Waitrose Wild Rocket,G,false,75,https://ecom-su-static-prod.wtrecom.com/images/products/3/LN_086926_BP_3.jpg,https://www.waitrose.com/ecom/products/waitrose-wild-rocket/086926-44412-44413,Waitrose Wild Rocket,90g,£1.75,£1.95/100g,,Dietary & Lifestyle
437574,No.1 Speciality British Strawberries,G,true,76,https://ecom-su-static-prod.wtrecom.com/images/products/3/LN_437574_BP_3.jpg,https://www.waitrose.com/ecom/products/no1-speciality-british-strawberries/437574-61584-61585,No.1 Speciality British Strawberries,365g,£4.00,£10.96/kg,Add 2 for £6,Dietary & Lifestyle
085418,Waitrose Trimmed Fine Green Beans,G,false,77,https://ecom-su-static-prod.wtrecom.com/images/products/3/LN_085418_BP_3.jpg,https://www.waitrose.com/ecom/products/waitrose-trimmed-fine-green-beans/085418-43456-43457,Waitrose Trimmed Fine Green Beans,200g,£1.50,£7.50/kg,,Dietary & Lifestyle
053447,Essential British Free Range Semi-Skimmed Milk 1 Pint,G,false,78,https://ecom-su-static-prod.wtrecom.com/images/products/3/LN_053447_BP_3.jpg,https://www.waitrose.com/ecom/products/essential-british-free-range-semi-skimmed-milk-1-pint/053447-26747-26748,Essential British Free Range Semi-Skimmed Milk 1 Pint,568ml,95p,£1.68/litre,,Dietary & Lifestyle
088434,Waitrose Red Grapefruit,G,false,79,https://ecom-su-static-prod.wtrecom.com/images/products/3/LN_088434_BP_3.jpg,https://www.waitrose.com/ecom/products/waitrose-red-grapefruit/088434-45383-45384,Waitrose Red Grapefruit,Each,60p,60p each,,Dietary & Lifestyle
085908,Waitrose Baby Beetroot,G,false,80,https://ecom-su-static-prod.wtrecom.com/images/products/3/LN_085908_BP_3.jpg,https://www.waitrose.com/ecom/products/waitrose-baby-beetroot/085908-43826-43827,Waitrose Baby Beetroot,250g,£1.00,£4/kg,,Dietary & Lifestyle
086458,Essential Radish,G,false,81,https://ecom-su-static-prod.wtrecom.com/images/products/3/LN_086458_BP_3.jpg,https://www.waitrose.com/ecom/products/essential-radish/086458-44154-44155,Essential Radish,200g,65p,£3.25/kg,,Dietary & Lifestyle
531920,Waitrose 2 Mediterranean Sea Bass Fillets,G,true,82,https://ecom-su-static-prod.wtrecom.com/images/products/3/LN_531920_BP_3.jpg,https://www.waitrose.com/ecom/products/waitrose-2-mediterranean-sea-bass-fillets/531920-237538-237539,Waitrose 2 Mediterranean Sea Bass Fillets,180g,£5.50,£30.56/kg,Add 3 for £12,Dietary & Lifestyle
477602,Duchy Organic Broccoli,G,false,83,https://ecom-su-static-prod.wtrecom.com/images/products/3/LN_477602_BP_3.jpg,https://www.waitrose.com/ecom/products/duchy-organic-broccoli/477602-428563-67380,Duchy Organic Broccoli,350g,£1.50,£4.29/kg,,Dietary & Lifestyle
053924,Duchy Organic Homogenised Semi-Skimmed Milk 4 pints,G,false,84,https://ecom-su-static-prod.wtrecom.com/images/products/3/LN_053924_BP_3.jpg,https://www.waitrose.com/ecom/products/duchy-organic-homogenised-semi-skimmed-milk-4-pints/053924-27034-27035,Duchy Organic Homogenised Semi-Skimmed Milk 4 pints,2.272litre,£2.25,99p/litre,,Dietary & Lifestyle
690849,Essential Chicken Breast Fillets 2,G,true,85,https://ecom-su-static-prod.wtrecom.com/images/products/3/LN_690849_BP_3.jpg,https://www.waitrose.com/ecom/products/essential-chicken-breast-fillets-2/690849-260860-260861,Essential Chicken Breast Fillets 2,380g,£4.40,£11.58/kg,Add 3 for £12,Dietary & Lifestyle
085040,Waitrose Baby Jersey Royal New Potatoes,G,false,86,https://ecom-su-static-prod.wtrecom.com/images/products/3/LN_085040_BP_3.jpg,https://www.waitrose.com/ecom/products/waitrose-baby-jersey-royal-new-potatoes/085040-43149-43150,Waitrose Baby Jersey Royal New Potatoes,500g,£2.25,£4.50/kg,,Dietary & Lifestyle
088701,Essential Loose Conference Pears,G,false,87,https://ecom-su-static-prod.wtrecom.com/images/products/3/LN_088701_BP_3.jpg,https://www.waitrose.com/ecom/products/essential-loose-conference-pears/088701-45579-45580,Essential Loose Conference Pears,Typical weight 0.2kg,48p each est.,£2.40/kg,,Dietary & Lifestyle
047836,Tenderstem Broccoli Spears,G,false,88,https://ecom-su-static-prod.wtrecom.com/images/products/3/LN_047836_BP_3.jpg,https://www.waitrose.com/ecom/products/tenderstem-broccoli-spears/047836-23680-23681,Tenderstem Broccoli Spears,200g,£1.70,£8.50/kg,,Dietary & Lifestyle
053444,Essential British Free Range Skimmed Milk 4 Pints,G,false,89,https://ecom-su-static-prod.wtrecom.com/images/products/3/LN_053444_BP_3.jpg,https://www.waitrose.com/ecom/products/essential-british-free-range-skimmed-milk-4-pints/053444-26741-26742,Essential British Free Range Skimmed Milk 4 Pints,2.272litre,£1.55,68.2p/litre,,Dietary & Lifestyle
086413,Essential Yellow Peppers,G,false,90,https://ecom-su-static-prod.wtrecom.com/images/products/3/LN_086413_BP_3.jpg,https://www.waitrose.com/ecom/products/essential-yellow-peppers/086413-44122-44123,Essential Yellow Peppers,Typical weight 0.16kg,60p each est.,£3.75/kg,,Dietary & Lifestyle
032649,Arla Lactofree Lactose Free Semi-Skimmed Milk Alternative,G,false,91,https://ecom-su-static-prod.wtrecom.com/images/products/3/LN_032649_BP_3.jpg,https://www.waitrose.com/ecom/products/arla-lactofree-lactose-free-semi-skimmed-milk-alternative/032649-15969-15970,Arla Lactofree Lactose Free Semi-Skimmed Milk Alternative,1litre,£1.95,£1.95/litre,,Dietary & Lifestyle
017798,Waitrose Mixed Baby Tomatoes,G,false,92,https://ecom-su-static-prod.wtrecom.com/images/products/3/LN_017798_BP_3.jpg,https://www.waitrose.com/ecom/products/waitrose-mixed-baby-tomatoes/017798-8616-8617,Waitrose Mixed Baby Tomatoes,250g,£2.50,£10/kg,,Dietary & Lifestyle
088643,Essential Braeburn Apples,G,false,93,https://ecom-su-static-prod.wtrecom.com/images/products/3/LN_088643_BP_3.jpg,https://www.waitrose.com/ecom/products/essential-braeburn-apples/088643-45529-45530,Essential Braeburn Apples,minimum 5,£1.80,36p each,,Dietary & Lifestyle
086150,Cooks' Ingredients Root Ginger,G,false,94,https://ecom-su-static-prod.wtrecom.com/images/products/3/LN_086150_BP_3.jpg,https://www.waitrose.com/ecom/products/cooks-ingredients-root-ginger/086150-43995-43996,Cooks' Ingredients Root Ginger,,£6.20,per kg,,Dietary & Lifestyle
081995,Waitrose Smooth Orange Juice,G,false,95,https://ecom-su-static-prod.wtrecom.com/images/products/3/LN_081995_BP_3.jpg,https://www.waitrose.com/ecom/products/waitrose-smooth-orange-juice/081995-41701-41702,Waitrose Smooth Orange Juice,1litre,£2.10,21p/100ml,,Dietary & Lifestyle
086144,Cooks' Ingredients Garlic,G,false,96,https://ecom-su-static-prod.wtrecom.com/images/products/3/LN_086144_BP_3.jpg,https://www.waitrose.com/ecom/products/cooks-ingredients-garlic/086144-43989-43990,Cooks' Ingredients Garlic,3s,80p,26.7p each,,Dietary & Lifestyle
492694,Waitrose White Flesh Nectarines,G,true,97,https://ecom-su-static-prod.wtrecom.com/images/products/3/LN_492694_BP_3.jpg,https://www.waitrose.com/ecom/products/waitrose-white-flesh-nectarines/492694-601664-601665,Waitrose White Flesh Nectarines,4s,£3.00,75p each,Add 2 for £4,Dietary & Lifestyle
086469,Essential Large Cucumber,G,false,98,https://ecom-su-static-prod.wtrecom.com/images/products/3/LN_086469_BP_3.jpg,https://www.waitrose.com/ecom/products/essential-large-cucumber/086469-44160-44161,Essential Large Cucumber,Each,£1.10,£1.10 each,,Dietary & Lifestyle
088458,Essential Limes,G,true,99,https://ecom-su-static-prod.wtrecom.com/images/products/3/LN_088458_BP_3.jpg,https://www.waitrose.com/ecom/products/essential-limes/088458-45397-45398,Essential Limes,6s,£1.50,25p each,Add 2 for £2.50,Dietary & Lifestyle
376067,Essential Frozen Blueberries,G,false,100,https://ecom-su-static-prod.wtrecom.com/images/products/3/LN_376067_BP_3.jpg,https://www.waitrose.com/ecom/products/essential-frozen-blueberries/376067-52962-52963,Essential Frozen Blueberries,400g,£2.35,58.8p/100g,,Dietary & Lifestyle
771324,Waitrose Sweet Cos,G,false,101,https://ecom-su-static-prod.wtrecom.com/images/products/3/LN_771324_BP_3.jpg,https://www.waitrose.com/ecom/products/waitrose-sweet-cos/771324-350037-350038,Waitrose Sweet Cos,2s,£1.55,77.5p each,,Dietary & Lifestyle
421437,Essential Chickpeas in Water,G,false,102,https://ecom-su-static-prod.wtrecom.com/images/products/3/LN_421437_BP_3.jpg,https://www.waitrose.com/ecom/products/essential-chickpeas-in-water/421437-805739-805740,Essential Chickpeas in Water,240g Drained,70p,£2.92/kg,,Dietary & Lifestyle
073892,Essential Chopped Tomatoes in Natural Juice,G,false,103,https://ecom-su-static-prod.wtrecom.com/images/products/3/LN_073892_BP_3.jpg,https://www.waitrose.com/ecom/products/essential-chopped-tomatoes-in-natural-juice/073892-37497-37497,Essential Chopped Tomatoes in Natural Juice,4x400g,£2.20,£1.38/kg,,Dietary & Lifestyle
062270,Waitrose Perfectly Ripe Conference Pear,G,false,104,https://ecom-su-static-prod.wtrecom.com/images/products/3/LN_062270_BP_3.jpg,https://www.waitrose.com/ecom/products/waitrose-perfectly-ripe-conference-pear/062270-31601-31602,Waitrose Perfectly Ripe Conference Pear,4s,£2.75,68.8p each,,Dietary & Lifestyle
086103,Cooks' Ingredients Aromatic Coriander,G,false,105,https://ecom-su-static-prod.wtrecom.com/images/products/3/LN_086103_BP_3.jpg,https://www.waitrose.com/ecom/products/cooks-ingredients-aromatic-coriander/086103-43925-43926,Cooks' Ingredients Aromatic Coriander,25g,80p,32p/10g,,Dietary & Lifestyle
085147,Essential Parsnips,G,false,106,https://ecom-su-static-prod.wtrecom.com/images/products/3/LN_085147_BP_3.jpg,https://www.waitrose.com/ecom/products/essential-parsnips/085147-43236-43237,Essential Parsnips,Typical weight 0.22kg,44p each est.,£2.00/kg,,Dietary & Lifestyle
085235,Essential Spinach,G,false,107,https://ecom-su-static-prod.wtrecom.com/images/products/3/LN_085235_BP_3.jpg,https://www.waitrose.com/ecom/products/essential-spinach/085235-43313-43314,Essential Spinach,260g,£1.60,£6.16/kg,,Dietary & Lifestyle
040593,Essential Chicken Mini Fillets,G,false,108,https://ecom-su-static-prod.wtrecom.com/images/products/3/LN_040593_BP_3.jpg,https://www.waitrose.com/ecom/products/essential-chicken-mini-fillets/040593-20051-20052,Essential Chicken Mini Fillets,400g,£3.50,£8.75/kg,,Dietary & Lifestyle
723779,Oatly Oat Barista Dairy Free Milk Alternative,G,false,109,https://ecom-su-static-prod.wtrecom.com/images/products/3/LN_723779_BP_3.jpg,https://www.waitrose.com/ecom/products/oatly-oat-barista-dairy-free-milk-alternative/723779-512984-512985,Oatly Oat Barista Dairy Free Milk Alternative,1litre,£2.20,£2.20/litre,,Dietary & Lifestyle
085481,Essential Sweetcorn,G,false,110,https://ecom-su-static-prod.wtrecom.com/images/products/3/LN_085481_BP_3.jpg,https://www.waitrose.com/ecom/products/essential-sweetcorn/085481-43548-43549,Essential Sweetcorn,2s,£1.50,75p each,,Dietary & Lifestyle
053142,Essential Salad Mixed,G,false,111,https://ecom-su-static-prod.wtrecom.com/images/products/3/LN_053142_BP_3.jpg,https://www.waitrose.com/ecom/products/essential-salad-mixed/053142-26529-26530,Essential Salad Mixed,100g,95p,95p/100g,,Dietary & Lifestyle
517247,Waitrose Peaches,G,true,112,https://ecom-su-static-prod.wtrecom.com/images/products/3/LN_517247_BP_3.jpg,https://www.waitrose.com/ecom/products/waitrose-peaches/517247-497776-497777,Waitrose Peaches,4s,£3.25,81.3p each,Add 2 for £4,Dietary & Lifestyle
085263,Waitrose Broccoli Crown,G,false,113,https://ecom-su-static-prod.wtrecom.com/images/products/3/LN_085263_BP_3.jpg,https://www.waitrose.com/ecom/products/waitrose-broccoli-crown/085263-43358-43359,Waitrose Broccoli Crown,300g,£1.25,£4.17/kg,,Dietary & Lifestyle
568810,Waitrose Cantaloupe Melon,G,true,114,https://ecom-su-static-prod.wtrecom.com/images/products/3/LN_568810_BP_3.jpg,https://www.waitrose.com/ecom/products/waitrose-cantaloupe-melon/568810-381887-381888,Waitrose Cantaloupe Melon,Each,£2.90,£2.90 each,Add 2 for £4,Dietary & Lifestyle
086509,No.1 Red Choice Tomatoes,G,false,115,https://ecom-su-static-prod.wtrecom.com/images/products/3/LN_086509_BP_3.jpg,https://www.waitrose.com/ecom/products/no1-red-choice-tomatoes/086509-44190-44191,No.1 Red Choice Tomatoes,300g,£2.70,£9/kg,,Dietary & Lifestyle
086404,Waitrose Romano Peppers,G,false,116,https://ecom-su-static-prod.wtrecom.com/images/products/3/LN_086404_BP_3.jpg,https://www.waitrose.com/ecom/products/waitrose-romano-peppers/086404-44108-44109,Waitrose Romano Peppers,180g,£1.80,£10/kg,,Dietary & Lifestyle
809673,Waitrose Breaded Chunky Cod,G,true,117,https://ecom-su-static-prod.wtrecom.com/images/products/3/LN_809673_BP_3.jpg,https://www.waitrose.com/ecom/products/waitrose-breaded-chunky-cod/809673-689642-689643,Waitrose Breaded Chunky Cod,350g,£5.75,£16.43/kg,Add 3 for £12,Dietary & Lifestyle
085476,Waitrose Asparagus Tips,G,false,118,https://ecom-su-static-prod.wtrecom.com/images/products/3/LN_085476_BP_3.jpg,https://www.waitrose.com/ecom/products/waitrose-asparagus-tips/085476-43542-43543,Waitrose Asparagus Tips,100g,£2.00,£20/kg,,Dietary & Lifestyle
048783,Essential Houmous,G,false,119,https://ecom-su-static-prod.wtrecom.com/images/products/3/LN_048783_BP_3.jpg,https://www.waitrose.com/ecom/products/essential-houmous/048783-24278-24279,Essential Houmous,300g,£1.75,58.3p/100g,,Dietary & Lifestyle
088628,Waitrose Royal Gala Apples,G,false,120,https://ecom-su-static-prod.wtrecom.com/images/products/3/LN_088628_BP_3.jpg,https://www.waitrose.com/ecom/products/waitrose-royal-gala-apples/088628-45509-45510,Waitrose Royal Gala Apples,6s,£1.80,30p each,,Dietary & Lifestyle
075319,Waitrose Super Soft White Medium Sliced,G,false,121,https://ecom-su-static-prod.wtrecom.com/images/products/3/LN_075319_BP_3.jpg,https://www.waitrose.com/ecom/products/waitrose-super-soft-white-medium-sliced/075319-38210-38211,Waitrose Super Soft White Medium Sliced,800g,£1.00,12.5p/100g,,Dietary & Lifestyle
878500,Waitrose Large Vine Tomatoes,G,false,122,https://ecom-su-static-prod.wtrecom.com/images/products/3/LN_878500_BP_3.jpg,https://www.waitrose.com/ecom/products/waitrose-large-vine-tomatoes/878500-668796-668797,Waitrose Large Vine Tomatoes,,£4.00,per kg,,Dietary & Lifestyle
095692,Duchy Organic British Free Range Eggs Large,G,false,123,https://ecom-su-static-prod.wtrecom.com/images/products/3/LN_095692_BP_3.jpg,https://www.waitrose.com/ecom/products/duchy-organic-british-free-range-eggs-large/095692-49035-49036,Duchy Organic British Free Range Eggs Large,6s,£3.50,58.3p each,,Dietary & Lifestyle
002575,Waitrose Black Seedless Grapes,G,true,124,https://ecom-su-static-prod.wtrecom.com/images/products/3/LN_002575_BP_3.jpg,https://www.waitrose.com/ecom/products/waitrose-black-seedless-grapes/002575-872-873,Waitrose Black Seedless Grapes,400g,£2.80,£7/kg,Add 2 for £4,Dietary & Lifestyle
088436,Waitrose Tangerines,G,true,125,https://ecom-su-static-prod.wtrecom.com/images/products/3/LN_088436_BP_3.jpg,https://www.waitrose.com/ecom/products/waitrose-tangerines/088436-45385-45386,Waitrose Tangerines,600g,£2.50,£4.17/kg,Add 2 for £4,Dietary & Lifestyle
019720,Essential Tomato Purée Double Concentrated,G,false,126,https://ecom-su-static-prod.wtrecom.com/images/products/3/LN_019720_BP_3.jpg,https://www.waitrose.com/ecom/products/essential-tomato-puree-double-concentrated/019720-9593-9594,Essential Tomato Purée Double Concentrated,200g,75p,£3.75/kg,,Dietary & Lifestyle
018732,Duchy Organic Unhomogenised Whole Milk 4 Pints,G,false,127,https://ecom-su-static-prod.wtrecom.com/images/products/3/LN_018732_BP_3.jpg,https://www.waitrose.com/ecom/products/duchy-organic-unhomogenised-whole-milk-4-pints/018732-9053-9054,Duchy Organic Unhomogenised Whole Milk 4 Pints,2.272litre,£2.25,99p/litre,,Dietary & Lifestyle
393962,Waitrose Trimmed Baby Sprouts,G,true,128,https://ecom-su-static-prod.wtrecom.com/images/products/3/LN_393962_BP_3.jpg,https://www.waitrose.com/ecom/products/waitrose-trimmed-baby-sprouts/393962-55357-55358,Waitrose Trimmed Baby Sprouts,100g,£1.20,£1.20/100g,Add 3 for £3,Dietary & Lifestyle
073809,Waitrose Mini Watermelon,G,true,129,https://ecom-su-static-prod.wtrecom.com/images/products/3/LN_073809_BP_3.jpg,https://www.waitrose.com/ecom/products/waitrose-mini-watermelon/073809-37442-37443,Waitrose Mini Watermelon,Each,£2.64,£2.64 each,20% Off. Was £3.30,Dietary & Lifestyle
808744,Waitrose Filtered British Free Range Semi-Skimmed Milk,G,false,130,https://ecom-su-static-prod.wtrecom.com/images/products/3/LN_808744_BP_3.jpg,https://www.waitrose.com/ecom/products/waitrose-filtered-british-free-range-semi-skimmed-milk/808744-443888-443889,Waitrose Filtered British Free Range Semi-Skimmed Milk,2litre,£1.90,95p/litre,,Dietary & Lifestyle
088413,Essential Lemons,G,true,131,https://ecom-su-static-prod.wtrecom.com/images/products/3/LN_088413_BP_3.jpg,https://www.waitrose.com/ecom/products/essential-lemons/088413-45363-45364,Essential Lemons,6s,£1.50,25p each,Add 2 for £2.50,Dietary & Lifestyle
086411,Essential Green Peppers,G,false,132,https://ecom-su-static-prod.wtrecom.com/images/products/3/LN_086411_BP_3.jpg,https://www.waitrose.com/ecom/products/essential-green-peppers/086411-44118-44119,Essential Green Peppers,Typical weight 0.16kg,60p each est.,£3.75/kg,,Dietary & Lifestyle
867143,Duchy Organic British Free Range Eggs,G,false,133,https://ecom-su-static-prod.wtrecom.com/images/products/3/LN_867143_BP_3.jpg,https://www.waitrose.com/ecom/products/duchy-organic-british-free-range-eggs/867143-373749-373750,Duchy Organic British Free Range Eggs,12s,£5.50,45.8p each,,Dietary & Lifestyle
088626,Essential Loose Royal Gala Apples,G,false,134,https://ecom-su-static-prod.wtrecom.com/images/products/3/LN_088626_BP_3.jpg,https://www.waitrose.com/ecom/products/essential-loose-royal-gala-apples/088626-45505-45506,Essential Loose Royal Gala Apples,Typical weight 0.16kg,31p each est.,£2.00/kg,,Dietary & Lifestyle
085213,Essential Pointed Spring Cabbage,G,false,135,https://ecom-su-static-prod.wtrecom.com/images/products/3/LN_085213_BP_3.jpg,https://www.waitrose.com/ecom/products/essential-pointed-spring-cabbage/085213-43285-43286,Essential Pointed Spring Cabbage,Each,95p,95p each,,Dietary & Lifestyle
819223,Waitrose Butterhead Salad,G,false,136,https://ecom-su-static-prod.wtrecom.com/images/products/3/LN_819223_BP_3.jpg,https://www.waitrose.com/ecom/products/waitrose-butterhead-salad/819223-350085-350086,Waitrose Butterhead Salad,120g,£2.00,£1.67/100g,,Dietary & Lifestyle
086123,Cooks' Ingredients Basil,G,false,137,https://ecom-su-static-prod.wtrecom.com/images/products/3/LN_086123_BP_3.jpg,https://www.waitrose.com/ecom/products/cooks-ingredients-basil/086123-43955-43956,Cooks' Ingredients Basil,25g,80p,32p/10g,,Dietary & Lifestyle
054314,Duchy Organic Houmous,G,false,138,https://ecom-su-static-prod.wtrecom.com/images/products/3/LN_054314_BP_3.jpg,https://www.waitrose.com/ecom/products/duchy-organic-houmous/054314-27269-27270,Duchy Organic Houmous,200g,£2.00,£1/100g,,Dietary & Lifestyle
058019,Evian Still Mineral Water,G,false,139,https://ecom-su-static-prod.wtrecom.com/images/products/3/LN_058019_BP_3.jpg,https://www.waitrose.com/ecom/products/evian-still-mineral-water/058019-29118-29119,Evian Still Mineral Water,6x1.5litre,£5.75,6.4p/100ml,,Dietary & Lifestyle
086410,Essential Mixed Peppers,G,false,140,https://ecom-su-static-prod.wtrecom.com/images/products/3/LN_086410_BP_3.jpg,https://www.waitrose.com/ecom/products/essential-mixed-peppers/086410-44116-44117,Essential Mixed Peppers,3s,£1.70,56.7p each,,Dietary & Lifestyle
044339,Waitrose Croissants,G,false,141,https://ecom-su-static-prod.wtrecom.com/images/products/3/LN_044339_BP_3.jpg,https://www.waitrose.com/ecom/products/waitrose-croissants/044339-21846-21847,Waitrose Croissants,4s,£2.50,62.5p each,,Dietary & Lifestyle
019061,Essential Baked Beans in Tomato Sauce,G,false,142,https://ecom-su-static-prod.wtrecom.com/images/products/3/LN_019061_BP_3.jpg,https://www.waitrose.com/ecom/products/essential-baked-beans-in-tomato-sauce/019061-9203-9204,Essential Baked Beans in Tomato Sauce,220g,40p,£1.82/kg,,Dietary & Lifestyle
086131,Cooks' Ingredients Flat Leaf Parsley,G,false,143,https://ecom-su-static-prod.wtrecom.com/images/products/3/LN_086131_BP_3.jpg,https://www.waitrose.com/ecom/products/cooks-ingredients-flat-leaf-parsley/086131-43967-43968,Cooks' Ingredients Flat Leaf Parsley,25g,80p,32p/10g,,Dietary & Lifestyle
016971,Waitrose Beetroot Salad,G,false,144,https://ecom-su-static-prod.wtrecom.com/images/products/3/LN_016971_BP_3.jpg,https://www.waitrose.com/ecom/products/waitrose-beetroot-salad/016971-8193-8194,Waitrose Beetroot Salad,140g,£2.00,£1.43/100g,,Dietary & Lifestyle
035307,Essential Long Life Semi-Skimmed Milk,G,false,145,https://ecom-su-static-prod.wtrecom.com/images/products/3/LN_035307_BP_3.jpg,https://www.waitrose.com/ecom/products/essential-long-life-semi-skimmed-milk/035307-17781-17782,Essential Long Life Semi-Skimmed Milk,1litre,£1.00,£1/litre,,Dietary & Lifestyle
082118,Tyrrell's Lightly Sea Salted Crisps,G,false,146,https://ecom-su-static-prod.wtrecom.com/images/products/3/LN_082118_BP_3.jpg,https://www.waitrose.com/ecom/products/tyrrells-lightly-sea-salted-crisps/082118-41773-41774,Tyrrell's Lightly Sea Salted Crisps,150g,£2.75,£1.84/100g,,Dietary & Lifestyle
649631,Waitrose Blackberries,G,true,147,https://ecom-su-static-prod.wtrecom.com/images/products/3/LN_649631_BP_3.jpg,https://www.waitrose.com/ecom/products/waitrose-blackberries/649631-92200-92201,Waitrose Blackberries,150g,£3.00,£20/kg,Add 2 for £4,Dietary & Lifestyle
540531,Waitrose Trimmed Tenderstem Broccoli,G,true,148,https://ecom-su-static-prod.wtrecom.com/images/products/3/LN_540531_BP_3.jpg,https://www.waitrose.com/ecom/products/waitrose-trimmed-tenderstem-broccoli/540531-76424-76425,Waitrose Trimmed Tenderstem Broccoli,80g,£1.20,£1.50/100g,Add 3 for £3,Dietary & Lifestyle
038528,Waitrose Perfectly Ripe Kiwi,G,false,149,https://ecom-su-static-prod.wtrecom.com/images/products/3/LN_038528_BP_3.jpg,https://www.waitrose.com/ecom/products/waitrose-perfectly-ripe-kiwi/038528-19191-19192,Waitrose Perfectly Ripe Kiwi,4s,£2.60,65p each,,Dietary & Lifestyle
088358,Duchy Organic Gala Apples,G,false,150,https://ecom-su-static-prod.wtrecom.com/images/products/3/LN_088358_BP_3.jpg,https://www.waitrose.com/ecom/products/duchy-organic-gala-apples/088358-45326-45327,Duchy Organic Gala Apples,4s,£2.25,56.3p each,,Dietary & Lifestyle
034054,Waitrose Miniature Potatoes,G,false,151,https://ecom-su-static-prod.wtrecom.com/images/products/3/LN_034054_BP_3.jpg,https://www.waitrose.com/ecom/products/waitrose-miniature-potatoes/034054-17045-17046,Waitrose Miniature Potatoes,500g,£1.95,£3.90/kg,,Dietary & Lifestyle
085409,Trimmed Sugar Snap Peas,G,false,152,https://ecom-su-static-prod.wtrecom.com/images/products/3/LN_085409_BP_3.jpg,https://www.waitrose.com/ecom/products/trimmed-sugar-snap-peas/085409-43446-43447,Trimmed Sugar Snap Peas,200g,£1.45,£7.25/kg,,Dietary & Lifestyle
021417,Waitrose Pressed Apple Juice,G,false,153,https://ecom-su-static-prod.wtrecom.com/images/products/3/LN_021417_BP_3.jpg,https://www.waitrose.com/ecom/products/waitrose-pressed-apple-juice/021417-10476-10477,Waitrose Pressed Apple Juice,1litre,£2.10,21p/100ml,,Dietary & Lifestyle
080879,Cooks' Ingredients Red Chillies,G,false,154,https://ecom-su-static-prod.wtrecom.com/images/products/3/LN_080879_BP_3.jpg,https://www.waitrose.com/ecom/products/cooks-ingredients-red-chillies/080879-41159-41160,Cooks' Ingredients Red Chillies,50g,65p,£13/kg,,Dietary & Lifestyle
005277,Waitrose Babyleaf Salad,G,false,155,https://ecom-su-static-prod.wtrecom.com/images/products/3/LN_005277_BP_3.jpg,https://www.waitrose.com/ecom/products/waitrose-babyleaf-salad/005277-2277-2278,Waitrose Babyleaf Salad,120g,£2.00,£1.67/100g,,Dietary & Lifestyle
019547,Essential Red Kidney Beans in Water,G,false,156,https://ecom-su-static-prod.wtrecom.com/images/products/3/LN_019547_BP_3.jpg,https://www.waitrose.com/ecom/products/essential-red-kidney-beans-in-water/019547-9481-9482,Essential Red Kidney Beans in Water,drained 240g,60p,£2.50/kg,,Dietary & Lifestyle
085417,Waitrose Fine Green Beans,G,false,157,https://ecom-su-static-prod.wtrecom.com/images/products/3/LN_085417_BP_3.jpg,https://www.waitrose.com/ecom/products/waitrose-fine-green-beans/085417-43454-43455,Waitrose Fine Green Beans,300g,£2.00,£6.67/kg,,Dietary & Lifestyle
029108,Essential Mini Apples,G,false,158,https://ecom-su-static-prod.wtrecom.com/images/products/3/LN_029108_BP_3.jpg,https://www.waitrose.com/ecom/products/essential-mini-apples/029108-14181-14182,Essential Mini Apples,6s,£1.00,16.7p each,,Dietary & Lifestyle
574915,Essential Courgettes,G,false,159,https://ecom-su-static-prod.wtrecom.com/images/products/3/LN_574915_BP_3.jpg,https://www.waitrose.com/ecom/products/essential-courgettes/574915-81449-81450,Essential Courgettes,600g,£1.80,£3/kg,,Dietary & Lifestyle
848695,Waitrose British Strawberries,G,true,160,https://ecom-su-static-prod.wtrecom.com/images/products/3/LN_848695_BP_3.jpg,https://www.waitrose.com/ecom/products/waitrose-british-strawberries/848695-344600-344601,Waitrose British Strawberries,600g,£2.85,£4.75/kg,25% Off. Was £3.80,Dietary & Lifestyle
019706,Essential Chopped Tomatoes in Natural Juice,G,false,161,https://ecom-su-static-prod.wtrecom.com/images/products/3/LN_019706_BP_3.jpg,https://www.waitrose.com/ecom/products/essential-chopped-tomatoes-in-natural-juice/019706-9575-9576,Essential Chopped Tomatoes in Natural Juice,400g,60p,£1.50/kg,,Dietary & Lifestyle
645021,Essential Large Whole Chicken,G,false,162,https://ecom-su-static-prod.wtrecom.com/images/products/3/LN_645021_BP_3.jpg,https://www.waitrose.com/ecom/products/essential-large-whole-chicken/645021-507910-507911,Essential Large Whole Chicken,1.75Kg,£5.25,£3/kg,,Dietary & Lifestyle
004713,"Essential Chicken Thigh Fillets, Skinless & Boneless",G,false,163,https://ecom-su-static-prod.wtrecom.com/images/products/3/LN_004713_BP_3.jpg,https://www.waitrose.com/ecom/products/essential-chicken-thigh-fillets-skinless-boneless/004713-2027-2028,"Essential Chicken Thigh Fillets, Skinless & Boneless",Typical weight 0.56kg,£4.76 each est.,£8.50/kg,,Dietary & Lifestyle
483605,Duchy Organic Babyleaf & Rocket Salad,G,false,164,https://ecom-su-static-prod.wtrecom.com/images/products/3/LN_483605_BP_3.jpg,https://www.waitrose.com/ecom/products/duchy-organic-babyleaf-rocket-salad/483605-349790-349791,Duchy Organic Babyleaf & Rocket Salad,100g,£2.15,£2.15/100g,,Dietary & Lifestyle
446420,Essential Coconut Milk,G,false,165,https://ecom-su-static-prod.wtrecom.com/images/products/3/LN_446420_BP_3.jpg,https://www.waitrose.com/ecom/products/essential-coconut-milk/446420-62863-62864,Essential Coconut Milk,400ml,£1.10,£2.75/litre,,Dietary & Lifestyle
056493,Waitrose Lambs Lettuce,G,false,166,https://ecom-su-static-prod.wtrecom.com/images/products/3/LN_056493_BP_3.jpg,https://www.waitrose.com/ecom/products/waitrose-lambs-lettuce/056493-28365-28366,Waitrose Lambs Lettuce,90g,£1.75,£1.95/100g,,Dietary & Lifestyle
090899,Waitrose Watercress,G,false,167,https://ecom-su-static-prod.wtrecom.com/images/products/3/LN_090899_BP_3.jpg,https://www.waitrose.com/ecom/products/waitrose-watercress/090899-46817-46818,Waitrose Watercress,80g,£1.50,£1.88/100g,,Dietary & Lifestyle
635349,Yeo Valley Organic Kefir Natural Yogurt,G,false,168,https://ecom-su-static-prod.wtrecom.com/images/products/3/LN_635349_BP_3.jpg,https://www.waitrose.com/ecom/products/yeo-valley-organic-kefir-natural-yogurt/635349-673693-673694,Yeo Valley Organic Kefir Natural Yogurt,350g,£2.10,60p/100g,,Dietary & Lifestyle
080735,Waitrose Orange Juice with Bits,G,false,169,https://ecom-su-static-prod.wtrecom.com/images/products/3/LN_080735_BP_3.jpg,https://www.waitrose.com/ecom/products/waitrose-orange-juice-with-bits/080735-41091-41092,Waitrose Orange Juice with Bits,1litre,£2.10,21p/100ml,,Dietary & Lifestyle
078986,Duchy Organic Large Vine Tomatoes,G,false,170,https://ecom-su-static-prod.wtrecom.com/images/products/3/LN_078986_BP_3.jpg,https://www.waitrose.com/ecom/products/duchy-organic-large-vine-tomatoes/078986-40203-40204,Duchy Organic Large Vine Tomatoes,425g,£2.75,£6.48/kg,,Dietary & Lifestyle
015880,Waitrose Watercress Spinach Rocket Salad,G,false,171,https://ecom-su-static-prod.wtrecom.com/images/products/3/LN_015880_BP_3.jpg,https://www.waitrose.com/ecom/products/waitrose-watercress-spinach-rocket-salad/015880-7597-7598,Waitrose Watercress Spinach Rocket Salad,110g,£2.00,£1.82/100g,,Dietary & Lifestyle
771268,Essential Frozen Raspberries,G,false,172,https://ecom-su-static-prod.wtrecom.com/images/products/3/LN_771268_BP_3.jpg,https://www.waitrose.com/ecom/products/essential-frozen-raspberries/771268-198052-198053,Essential Frozen Raspberries,350g,£2.35,67.1p/100g,,Dietary & Lifestyle
792711,Waitrose Roast Chicken Breast Fillets 2,G,false,173,https://ecom-su-static-prod.wtrecom.com/images/products/3/LN_792711_BP_3.jpg,https://www.waitrose.com/ecom/products/waitrose-roast-chicken-breast-fillets-2/792711-112765-112766,Waitrose Roast Chicken Breast Fillets 2,Typical weight 0.17kg,£3.72 each est.,£21.75/kg,,Dietary & Lifestyle
048574,Duchy Organic Little Gem Lettuce,G,false,174,https://ecom-su-static-prod.wtrecom.com/images/products/3/LN_048574_BP_3.jpg,https://www.waitrose.com/ecom/products/duchy-organic-little-gem-lettuce/048574-24130-24131,Duchy Organic Little Gem Lettuce,2Each,£1.75,87.5p each,,Dietary & Lifestyle
016390,Duchy Organic Homogenised Semi-Skimmed Milk 2 pints,G,false,175,https://ecom-su-static-prod.wtrecom.com/images/products/3/LN_016390_BP_3.jpg,https://www.waitrose.com/ecom/products/duchy-organic-homogenised-semi-skimmed-milk-2-pints/016390-7844-7845,Duchy Organic Homogenised Semi-Skimmed Milk 2 pints,1.136litre,£1.65,£1.46/litre,,Dietary & Lifestyle
014520,Duchy Organic British Free Range Medium Eggs,G,false,176,https://ecom-su-static-prod.wtrecom.com/images/products/3/LN_014520_BP_3.jpg,https://www.waitrose.com/ecom/products/duchy-organic-british-free-range-medium-eggs/014520-6974-6975,Duchy Organic British Free Range Medium Eggs,6s,£2.75,45.8p each,,Dietary & Lifestyle
088313,Essential Galia Melon,G,true,177,https://ecom-su-static-prod.wtrecom.com/images/products/3/LN_088313_BP_3.jpg,https://www.waitrose.com/ecom/products/essential-galia-melon/088313-428554-45278,Essential Galia Melon,Each,£2.10,£2.10 each,Add 2 for £4,Dietary & Lifestyle
088151,Waitrose Cherries,G,false,178,https://ecom-su-static-prod.wtrecom.com/images/products/3/LN_088151_BP_3.jpg,https://www.waitrose.com/ecom/products/waitrose-cherries/088151-45133-45134,Waitrose Cherries,200g,£2.50,£12.50/kg,,Dietary & Lifestyle
085701,Essential Cup Mushrooms,G,false,179,https://ecom-su-static-prod.wtrecom.com/images/products/3/LN_085701_BP_3.jpg,https://www.waitrose.com/ecom/products/essential-cup-mushrooms/085701-372143-43723,Essential Cup Mushrooms,Typical weight 0.03kg,10p each est.,£3.25/kg,,Dietary & Lifestyle
827066,Essential Passata,G,false,180,https://ecom-su-static-prod.wtrecom.com/images/products/3/LN_827066_BP_3.jpg,https://www.waitrose.com/ecom/products/essential-passata/827066-230035-230036,Essential Passata,680g,95p,£1.40/kg,,Dietary & Lifestyle
088473,Waitrose Large Orange,G,false,181,https://ecom-su-static-prod.wtrecom.com/images/products/3/LN_088473_BP_3.jpg,https://www.waitrose.com/ecom/products/waitrose-large-orange/088473-45415-45416,Waitrose Large Orange,Each,65p,65p each,,Dietary & Lifestyle
088465,Waitrose Extra Large Oranges,G,false,182,https://ecom-su-static-prod.wtrecom.com/images/products/3/LN_088465_BP_3.jpg,https://www.waitrose.com/ecom/products/waitrose-extra-large-oranges/088465-45409-45410,Waitrose Extra Large Oranges,4s,£3.00,75p each,,Dietary & Lifestyle
085556,Duchy Organic Celery,G,false,183,https://ecom-su-static-prod.wtrecom.com/images/products/3/LN_085556_BP_3.jpg,https://www.waitrose.com/ecom/products/duchy-organic-celery/085556-43648-43649,Duchy Organic Celery,Each,£1.55,£1.55 each,,Dietary & Lifestyle
085202,Waitrose Trimmed Leeks,G,false,184,https://ecom-su-static-prod.wtrecom.com/images/products/3/LN_085202_BP_3.jpg,https://www.waitrose.com/ecom/products/waitrose-trimmed-leeks/085202-43268-43269,Waitrose Trimmed Leeks,400g,£1.65,£4.13/kg,,Dietary & Lifestyle
055041,Waitrose Wholemeal Farmhouse Medium Sliced,G,false,185,https://ecom-su-static-prod.wtrecom.com/images/products/3/LN_055041_BP_3.jpg,https://www.waitrose.com/ecom/products/waitrose-wholemeal-farmhouse-medium-sliced/055041-27651-27652,Waitrose Wholemeal Farmhouse Medium Sliced,800g,£1.45,18.1p/100g,,Dietary & Lifestyle
074259,Waitrose Tenderstem Broccoli & Fine Beans,G,true,186,https://ecom-su-static-prod.wtrecom.com/images/products/3/LN_074259_BP_3.jpg,https://www.waitrose.com/ecom/products/waitrose-tenderstem-broccoli-fine-beans/074259-37708-37709,Waitrose Tenderstem Broccoli & Fine Beans,190g,£2.20,£11.58/kg,Add 2 for £3.50,Dietary & Lifestyle
822557,Essential Fat Free Natural Greek Style Yogurt,G,false,187,https://ecom-su-static-prod.wtrecom.com/images/products/3/LN_822557_BP_3.jpg,https://www.waitrose.com/ecom/products/essential-fat-free-natural-greek-style-yogurt/822557-405816-405817,Essential Fat Free Natural Greek Style Yogurt,500g,£1.10,22p/100g,,Dietary & Lifestyle
056525,Cooks' Ingredients Coriander,G,false,188,https://ecom-su-static-prod.wtrecom.com/images/products/3/LN_056525_BP_3.jpg,https://www.waitrose.com/ecom/products/cooks-ingredients-coriander/056525-28377-28378,Cooks' Ingredients Coriander,100g,£1.65,16.5p/10g,,Dietary & Lifestyle
620346,Charlie Bigham's Fish Pie for 1,G,true,189,https://ecom-su-static-prod.wtrecom.com/images/products/3/LN_620346_BP_3.jpg,https://www.waitrose.com/ecom/products/charlie-bighams-fish-pie-for-1/620346-425906-425907,Charlie Bigham's Fish Pie for 1,340g,£6.00,£17.65/kg,Add 2 for £11,Dietary & Lifestyle
025926,Waitrose Ruby Gem Lettuce…,G,false,190,https://ecom-su-static-prod.wtrecom.com/images/products/3/LN_025926_BP_3.jpg,https://www.waitrose.com/ecom/products/waitrose-ruby-gem-lettuce/025926-12638-12639,Waitrose Ruby Gem Lettuce…,2s,£1.55,77.5p each,,Dietary & Lifestyle
062220,No.1 2 Wild Alaskan Sockeye Salmon Fillets,G,false,191,https://ecom-su-static-prod.wtrecom.com/images/products/3/LN_062220_BP_3.jpg,https://www.waitrose.com/ecom/products/no1-2-wild-alaskan-sockeye-salmon-fillets/062220-31555-31556,No.1 2 Wild Alaskan Sockeye Salmon Fillets,220g,£8.00,£36.37/kg,,Dietary & Lifestyle
422604,Waitrose Extra Virgin Olive Oil Houmous,G,true,192,https://ecom-su-static-prod.wtrecom.com/images/products/3/LN_422604_BP_3.jpg,https://www.waitrose.com/ecom/products/waitrose-extra-virgin-olive-oil-houmous/422604-420117-420118,Waitrose Extra Virgin Olive Oil Houmous,200g,£1.75,87.5p/100g,Add 2 for £2.50,Dietary & Lifestyle
053688,Waitrose Mango Chunks,G,false,193,https://ecom-su-static-prod.wtrecom.com/images/products/3/LN_053688_BP_3.jpg,https://www.waitrose.com/ecom/products/waitrose-mango-chunks/053688-427093-26907,Waitrose Mango Chunks,280g,£3.65,£13.04/kg,,Dietary & Lifestyle
046734,Duchy Organic Avocado,G,false,194,https://ecom-su-static-prod.wtrecom.com/images/products/3/LN_046734_BP_3.jpg,https://www.waitrose.com/ecom/products/duchy-organic-avocado/046734-23085-23086,Duchy Organic Avocado,Each,£1.40,£1.40 each,,Dietary & Lifestyle
048782,Essential Houmous,G,false,195,https://ecom-su-static-prod.wtrecom.com/images/products/3/LN_048782_BP_3.jpg,https://www.waitrose.com/ecom/products/essential-houmous/048782-24276-24277,Essential Houmous,200g,£1.45,72.5p/100g,,Dietary & Lifestyle
018056,Waitrose Babyleaf Herb Salad,G,false,196,https://ecom-su-static-prod.wtrecom.com/images/products/3/LN_018056_BP_3.jpg,https://www.waitrose.com/ecom/products/waitrose-babyleaf-herb-salad/018056-8758-8759,Waitrose Babyleaf Herb Salad,100g,£2.00,£20/kg,,Dietary & Lifestyle
021405,No. 1 Freshly Squeezed Orange Juice with Bits,G,false,197,https://ecom-su-static-prod.wtrecom.com/images/products/3/LN_021405_BP_3.jpg,https://www.waitrose.com/ecom/products/no-1-freshly-squeezed-orange-juice-with-bits/021405-10464-10465,No. 1 Freshly Squeezed Orange Juice with Bits,1litre,£3.40,34p/100ml,,Dietary & Lifestyle
086407,Essential Salad Cress,G,false,198,https://ecom-su-static-prod.wtrecom.com/images/products/3/LN_086407_BP_3.jpg,https://www.waitrose.com/ecom/products/essential-salad-cress/086407-44112-44113,Essential Salad Cress,Each,45p,45p each,,Dietary & Lifestyle
096831,Duchy Organic Raspberries,G,false,199,https://ecom-su-static-prod.wtrecom.com/images/products/3/LN_096831_BP_3.jpg,https://www.waitrose.com/ecom/products/duchy-organic-raspberries/096831-420677-49494,Duchy Organic Raspberries,125g,£2.85,£22.80/kg,,Dietary & Lifestyle
805573,Essential MSC Tuna Chunks in Spring Water,G,false,200,https://ecom-su-static-prod.wtrecom.com/images/products/3/LN_805573_BP_3.jpg,https://www.waitrose.com/ecom/products/essential-msc-tuna-chunks-in-spring-water/805573-457222-457223,Essential MSC Tuna Chunks in Spring Water,drained 4x112g,£4.75,£1.07/100g,,Dietary & Lifestyle
085482,Waitrose Asparagus,G,false,201,https://ecom-su-static-prod.wtrecom.com/images/products/3/LN_085482_BP_3.jpg,https://www.waitrose.com/ecom/products/waitrose-asparagus/085482-43550-43551,Waitrose Asparagus,230g,£2.50,£10.87/kg,,Dietary & Lifestyle
474469,Minor Figures Oat Barista Organic Milk Alternative,G,false,202,https://ecom-su-static-prod.wtrecom.com/images/products/3/LN_474469_BP_3.jpg,https://www.waitrose.com/ecom/products/minor-figures-oat-barista-organic-milk-alternative/474469-731573-731574,Minor Figures Oat Barista Organic Milk Alternative,1litre,£2.10,£2.10/litre,,Dietary & Lifestyle
086170,Waitrose Green Pak Choi,G,false,203,https://ecom-su-static-prod.wtrecom.com/images/products/3/LN_086170_BP_3.jpg,https://www.waitrose.com/ecom/products/waitrose-green-pak-choi/086170-44013-44014,Waitrose Green Pak Choi,235g,£1.80,£7.66/kg,,Dietary & Lifestyle
054003,Essential Frozen British Garden Peas,G,false,204,https://ecom-su-static-prod.wtrecom.com/images/products/3/LN_054003_BP_3.jpg,https://www.waitrose.com/ecom/products/essential-frozen-british-garden-peas/054003-27079-27080,Essential Frozen British Garden Peas,725g,£1.20,£1.66/kg,,Dietary & Lifestyle
096458,Waitrose Stonebaked Margherita Pizza,G,false,205,https://ecom-su-static-prod.wtrecom.com/images/products/3/LN_096458_BP_3.jpg,https://www.waitrose.com/ecom/products/waitrose-stonebaked-margherita-pizza/096458-49344-49345,Waitrose Stonebaked Margherita Pizza,356g,£4.95,£13.91/kg,,Dietary & Lifestyle
085540,Duchy Organic Chestnut Mushrooms,G,false,206,https://ecom-su-static-prod.wtrecom.com/images/products/3/LN_085540_BP_3.jpg,https://www.waitrose.com/ecom/products/duchy-organic-chestnut-mushrooms/085540-43630-43631,Duchy Organic Chestnut Mushrooms,250g,£2.00,£8/kg,,Dietary & Lifestyle
021106,Essential Pure Apple Juice,G,false,207,https://ecom-su-static-prod.wtrecom.com/images/products/3/LN_021106_BP_3.jpg,https://www.waitrose.com/ecom/products/essential-pure-apple-juice/021106-10281-10282,Essential Pure Apple Juice,1litre,£1.30,13p/100ml,,Dietary & Lifestyle
010900,Essential 2 Garlic Baguettes,G,false,208,https://ecom-su-static-prod.wtrecom.com/images/products/3/LN_010900_BP_3.jpg,https://www.waitrose.com/ecom/products/essential-2-garlic-baguettes/010900-5404-5405,Essential 2 Garlic Baguettes,420g,£1.95,46.4p/100g,,Dietary & Lifestyle
088405,Waitrose Large Oranges,G,true,209,https://ecom-su-static-prod.wtrecom.com/images/products/3/LN_088405_BP_3.jpg,https://www.waitrose.com/ecom/products/waitrose-large-oranges/088405-45357-45358,Waitrose Large Oranges,6s,£2.80,46.7p each,20% Off. Was £3.50,Dietary & Lifestyle
088703,Essential Conference Pears,G,false,210,https://ecom-su-static-prod.wtrecom.com/images/products/3/LN_088703_BP_3.jpg,https://www.waitrose.com/ecom/products/essential-conference-pears/088703-45581-45582,Essential Conference Pears,minimum 4,£1.80,45p each,,Dietary & Lifestyle
552333,Waitrose Soft White Farmhouse,G,false,211,https://ecom-su-static-prod.wtrecom.com/images/products/3/LN_552333_BP_3.jpg,https://www.waitrose.com/ecom/products/waitrose-soft-white-farmhouse/552333-381855-381856,Waitrose Soft White Farmhouse,400g,£1.10,27.5p/100g,,Dietary & Lifestyle
097155,Duchy Organic Cherry Vine Tomatoes,G,false,212,https://ecom-su-static-prod.wtrecom.com/images/products/3/LN_097155_BP_3.jpg,https://www.waitrose.com/ecom/products/duchy-organic-cherry-vine-tomatoes/097155-49612-49613,Duchy Organic Cherry Vine Tomatoes,200g,£2.50,£12.50/kg,,Dietary & Lifestyle
086531,Waitrose Baby Plum Tomatoes,G,false,213,https://ecom-su-static-prod.wtrecom.com/images/products/3/LN_086531_BP_3.jpg,https://www.waitrose.com/ecom/products/waitrose-baby-plum-tomatoes/086531-44214-44215,Waitrose Baby Plum Tomatoes,275g,£2.10,£7.64/kg,,Dietary & Lifestyle
795374,Waitrose Hot Smoked Scottish Mackerel Fillets,G,true,214,https://ecom-su-static-prod.wtrecom.com/images/products/3/LN_795374_BP_3.jpg,https://www.waitrose.com/ecom/products/waitrose-hot-smoked-scottish-mackerel-fillets/795374-324846-324847,Waitrose Hot Smoked Scottish Mackerel Fillets,210g,£6.00,£28.58/kg,Add 3 for £12,Dietary & Lifestyle
429133,Waitrose 6 Chunky Cod Fish Fingers,G,true,215,https://ecom-su-static-prod.wtrecom.com/images/products/3/LN_429133_BP_3.jpg,https://www.waitrose.com/ecom/products/waitrose-6-chunky-cod-fish-fingers/429133-688896-688897,Waitrose 6 Chunky Cod Fish Fingers,330g,£5.75,£17.43/kg,Add 3 for £12,Dietary & Lifestyle
474013,Waitrose Extra Fine Beans,G,false,216,https://ecom-su-static-prod.wtrecom.com/images/products/3/LN_474013_BP_3.jpg,https://www.waitrose.com/ecom/products/waitrose-extra-fine-beans/474013-245579-245580,Waitrose Extra Fine Beans,120g,£1.20,£10/kg,,Dietary & Lifestyle
036483,Waitrose Sweetcorn Kebabs,G,false,217,https://ecom-su-static-prod.wtrecom.com/images/products/3/LN_036483_BP_3.jpg,https://www.waitrose.com/ecom/products/waitrose-sweetcorn-kebabs/036483-18291-18292,Waitrose Sweetcorn Kebabs,4s,£1.85,46.3p each,,Dietary & Lifestyle
085438,Waitrose Courgettes,G,true,218,https://ecom-su-static-prod.wtrecom.com/images/products/3/LN_085438_BP_3.jpg,https://www.waitrose.com/ecom/products/waitrose-courgettes/085438-43490-43491,Waitrose Courgettes,500g,£1.50,£3/kg,25% Off. Was £2.00,Dietary & Lifestyle
008825,Waitrose Jazz Apples,G,false,219,https://ecom-su-static-prod.wtrecom.com/images/products/3/LN_008825_BP_3.jpg,https://www.waitrose.com/ecom/products/waitrose-jazz-apples/008825-4195-4196,Waitrose Jazz Apples,4s,£2.45,61.3p each,,Dietary & Lifestyle
567758,Alpro No Added Sugar Chilled Dairy Free Almond Milk Alternative,G,false,220,https://ecom-su-static-prod.wtrecom.com/images/products/3/LN_567758_BP_3.jpg,https://www.waitrose.com/ecom/products/alpro-no-added-sugar-chilled-dairy-free-almond-milk-alternative/567758-274797-274798,Alpro No Added Sugar Chilled Dairy Free Almond Milk Alternative,1litre,£2.10,£2.10/litre,,Dietary & Lifestyle
086121,Cooks' Ingredients Dill Leaves,G,false,221,https://ecom-su-static-prod.wtrecom.com/images/products/3/LN_086121_BP_3.jpg,https://www.waitrose.com/ecom/products/cooks-ingredients-dill-leaves/086121-43951-43952,Cooks' Ingredients Dill Leaves,20g,80p,40p/10g,,Dietary & Lifestyle
085579,Duchy Organic Sweet Potatoes,G,false,222,https://ecom-su-static-prod.wtrecom.com/images/products/3/LN_085579_BP_3.jpg,https://www.waitrose.com/ecom/products/duchy-organic-sweet-potatoes/085579-43669-43670,Duchy Organic Sweet Potatoes,700g,£2.60,£3.72/kg,,Dietary & Lifestyle
075147,Duchy Organic Raw King Prawns,G,false,223,https://ecom-su-static-prod.wtrecom.com/images/products/3/LN_075147_BP_3.jpg,https://www.waitrose.com/ecom/products/duchy-organic-raw-king-prawns/075147-38128-38129,Duchy Organic Raw King Prawns,150g,£5.25,£35/kg,,Dietary & Lifestyle
019024,Heinz Baked Beans Single Serve,G,true,224,https://ecom-su-static-prod.wtrecom.com/images/products/3/LN_019024_BP_3.jpg,https://www.waitrose.com/ecom/products/heinz-baked-beans-single-serve/019024-9179-9180,Heinz Baked Beans Single Serve,200g,£1.00,£5/kg,Add 2 for £1.50,Dietary & Lifestyle
406134,Essential Chicken Wings,G,false,225,https://ecom-su-static-prod.wtrecom.com/images/products/3/LN_406134_BP_3.jpg,https://www.waitrose.com/ecom/products/essential-chicken-wings/406134-57143-57144,Essential Chicken Wings,475g,£1.60,£3.37/kg,,Dietary & Lifestyle
074873,Waitrose Mango,G,false,226,https://ecom-su-static-prod.wtrecom.com/images/products/3/LN_074873_BP_3.jpg,https://www.waitrose.com/ecom/products/waitrose-mango/074873-37982-37983,Waitrose Mango,Each,£1.85,£1.85 each,,Dietary & Lifestyle
035309,Essential Long Life Skimmed Milk,G,false,227,https://ecom-su-static-prod.wtrecom.com/images/products/3/LN_035309_BP_3.jpg,https://www.waitrose.com/ecom/products/essential-long-life-skimmed-milk/035309-17785-17786,Essential Long Life Skimmed Milk,1litre,£1.00,£1/litre,,Dietary & Lifestyle
040832,Waitrose Extra Large King Prawns ASC,G,true,228,https://ecom-su-static-prod.wtrecom.com/images/products/3/LN_040832_BP_3.jpg,https://www.waitrose.com/ecom/products/waitrose-extra-large-king-prawns-asc/040832-20172-20173,Waitrose Extra Large King Prawns ASC,150g,£4.95,£3.30/100g,Add 3 for £12,Dietary & Lifestyle
019030,Heinz Baked Beans 4 Pack,G,true,229,https://ecom-su-static-prod.wtrecom.com/images/products/3/LN_019030_BP_3.jpg,https://www.waitrose.com/ecom/products/heinz-baked-beans-4-pack/019030-9187-9188,Heinz Baked Beans 4 Pack,4x415g,£4.00,£2.41/kg,Add 2 for £7,Dietary & Lifestyle
053407,Essential British Free Range Whole Milk 1 Pint,G,false,230,https://ecom-su-static-prod.wtrecom.com/images/products/3/LN_053407_BP_3.jpg,https://www.waitrose.com/ecom/products/essential-british-free-range-whole-milk-1-pint/053407-26715-26716,Essential British Free Range Whole Milk 1 Pint,568ml,95p,£1.68/litre,,Dietary & Lifestyle
002713,"Essential Chicken Thigh Fillets, Skinless & Boneless Large Pack",G,false,231,https://ecom-su-static-prod.wtrecom.com/images/products/3/LN_002713_BP_3.jpg,https://www.waitrose.com/ecom/products/essential-chicken-thigh-fillets-skinless-boneless-large-pack/002713-948-949,"Essential Chicken Thigh Fillets, Skinless & Boneless Large Pack",1Kg,£8.50,£8.50/kg,,Dietary & Lifestyle
085581,Duchy Organic Carrots,G,false,232,https://ecom-su-static-prod.wtrecom.com/images/products/3/LN_085581_BP_3.jpg,https://www.waitrose.com/ecom/products/duchy-organic-carrots/085581-43671-43672,Duchy Organic Carrots,1kg,£2.00,£2/kg,,Dietary & Lifestyle
576970,Waitrose Richly Fruited Hot Cross Buns,G,false,233,https://ecom-su-static-prod.wtrecom.com/images/products/3/LN_576970_BP_3.jpg,https://www.waitrose.com/ecom/products/waitrose-richly-fruited-hot-cross-buns/576970-794942-794943,Waitrose Richly Fruited Hot Cross Buns,4s,£1.95,48.8p each,,Dietary & Lifestyle
019025,Heinz Baked Beans,G,true,234,https://ecom-su-static-prod.wtrecom.com/images/products/3/LN_019025_BP_3.jpg,https://www.waitrose.com/ecom/products/heinz-baked-beans/019025-9181-9182,Heinz Baked Beans,415g,£1.40,£3.38/kg,Add 2 for £2,Dietary & Lifestyle
086106,Cooks' Ingredients Mint,G,false,235,https://ecom-su-static-prod.wtrecom.com/images/products/3/LN_086106_BP_3.jpg,https://www.waitrose.com/ecom/products/cooks-ingredients-mint/086106-43929-43930,Cooks' Ingredients Mint,25g,80p,32p/10g,,Dietary & Lifestyle
437412,Waitrose Tzatziki,G,true,236,https://ecom-su-static-prod.wtrecom.com/images/products/3/LN_437412_BP_3.jpg,https://www.waitrose.com/ecom/products/waitrose-tzatziki/437412-202311-202312,Waitrose Tzatziki,230g,£1.75,76.1p/100g,Add 2 for £2.50,Dietary & Lifestyle
463468,Waitrose Multi-Seeded Farmhouse,G,false,237,https://ecom-su-static-prod.wtrecom.com/images/products/3/LN_463468_BP_3.jpg,https://www.waitrose.com/ecom/products/waitrose-multi-seeded-farmhouse/463468-65326-65327,Waitrose Multi-Seeded Farmhouse,800g,£1.55,19.4p/100g,,Dietary & Lifestyle
085486,Waitrose Fine Asparagus,G,false,238,https://ecom-su-static-prod.wtrecom.com/images/products/3/LN_085486_BP_3.jpg,https://www.waitrose.com/ecom/products/waitrose-fine-asparagus/085486-43556-43557,Waitrose Fine Asparagus,110g,£2.25,£20.46/kg,,Dietary & Lifestyle
022570,Yeo Valley Organic Natural Greek Style Yogurt,G,false,239,https://ecom-su-static-prod.wtrecom.com/images/products/3/LN_022570_BP_3.jpg,https://www.waitrose.com/ecom/products/yeo-valley-organic-natural-greek-style-yogurt/022570-11019-11020,Yeo Valley Organic Natural Greek Style Yogurt,450g,£2.25,50p/100g,,Dietary & Lifestyle
054027,Essential Frozen British Petits Pois,G,false,240,https://ecom-su-static-prod.wtrecom.com/images/products/3/LN_054027_BP_3.jpg,https://www.waitrose.com/ecom/products/essential-frozen-british-petits-pois/054027-27091-27092,Essential Frozen British Petits Pois,725g,£1.40,£1.94/kg,,Dietary & Lifestyle
059036,Duchy Organic 2 Scottish Salmon Fillets,G,false,241,https://ecom-su-static-prod.wtrecom.com/images/products/3/LN_059036_BP_3.jpg,https://www.waitrose.com/ecom/products/duchy-organic-2-scottish-salmon-fillets/059036-29728-29729,Duchy Organic 2 Scottish Salmon Fillets,265g,£10.50,£39.63/kg,,Dietary & Lifestyle
020009,Yeo Valley Bio Live Organic Natural Yogurt,G,false,242,https://ecom-su-static-prod.wtrecom.com/images/products/3/LN_020009_BP_3.jpg,https://www.waitrose.com/ecom/products/yeo-valley-bio-live-organic-natural-yogurt/020009-9745-9746,Yeo Valley Bio Live Organic Natural Yogurt,950g,£3.80,40p/100g,,Dietary & Lifestyle
085011,Waitrose King Edward Potatoes,G,false,243,https://ecom-su-static-prod.wtrecom.com/images/products/3/LN_085011_BP_3.jpg,https://www.waitrose.com/ecom/products/waitrose-king-edward-potatoes/085011-372140-43107,Waitrose King Edward Potatoes,2kg,£2.10,£1.05/kg,,Dietary & Lifestyle
088062,Duchy Organic British Strawberries,G,false,244,https://ecom-su-static-prod.wtrecom.com/images/products/3/LN_088062_BP_3.jpg,https://www.waitrose.com/ecom/products/duchy-organic-british-strawberries/088062-45053-45054,Duchy Organic British Strawberries,225g,£3.50,£15.56/kg,,Dietary & Lifestyle
049829,Waitrose Raspberries,G,true,245,https://ecom-su-static-prod.wtrecom.com/images/products/3/LN_049829_BP_3.jpg,https://www.waitrose.com/ecom/products/waitrose-raspberries/049829-24809-24810,Waitrose Raspberries,225g,£2.75,£12.23/kg,25% Off. Was £3.70,Dietary & Lifestyle
001224,Essential Porridge Oats,G,false,246,https://ecom-su-static-prod.wtrecom.com/images/products/3/LN_001224_BP_3.jpg,https://www.waitrose.com/ecom/products/essential-porridge-oats/001224-164-165,Essential Porridge Oats,1kg,£1.25,12.5p/100g,,Dietary & Lifestyle
001216,Essential Wholewheat Biscuits,G,false,247,https://ecom-su-static-prod.wtrecom.com/images/products/3/LN_001216_BP_3.jpg,https://www.waitrose.com/ecom/products/essential-wholewheat-biscuits/001216-156-157,Essential Wholewheat Biscuits,24s,£2.00,8.3p each,,Dietary & Lifestyle
075908,Tilda Pure Basmati Rice,G,false,248,https://ecom-su-static-prod.wtrecom.com/images/products/3/LN_075908_BP_3.jpg,https://www.waitrose.com/ecom/products/tilda-pure-basmati-rice/075908-38522-38523,Tilda Pure Basmati Rice,250g,£1.65,£6.60/kg,,Dietary & Lifestyle
076788,Waitrose Jazz Apples,G,false,249,https://ecom-su-static-prod.wtrecom.com/images/products/3/LN_076788_BP_3.jpg,https://www.waitrose.com/ecom/products/waitrose-jazz-apples/076788-39059-39060,Waitrose Jazz Apples,Minimum 5,£2.60,52p each,,Dietary & Lifestyle
490103,Fage Total 5% Fat Natural Greek Yogurt Large,G,false,250,https://ecom-su-static-prod.wtrecom.com/images/products/3/LN_490103_BP_3.jpg,https://www.waitrose.com/ecom/products/fage-total-5-fat-natural-greek-yogurt-large/490103-134507-134508,Fage Total 5% Fat Natural Greek Yogurt Large,950g,£5.80,61.1p/100g,,Dietary & Lifestyle
864338,Oatly Oat Milk Dairy Free Whole Milk Alternative,G,false,251,https://ecom-su-static-prod.wtrecom.com/images/products/3/LN_864338_BP_3.jpg,https://www.waitrose.com/ecom/products/oatly-oat-milk-dairy-free-whole-milk-alternative/864338-677656-677657,Oatly Oat Milk Dairy Free Whole Milk Alternative,1litre,£2.20,£2.20/litre,,Dietary & Lifestyle
617413,Steve's Leaves Pea Shoots & Baby Leaves,G,true,252,https://ecom-su-static-prod.wtrecom.com/images/products/3/LN_617413_BP_3.jpg,https://www.waitrose.com/ecom/products/steves-leaves-pea-shoots-baby-leaves/617413-87606-87607,Steve's Leaves Pea Shoots & Baby Leaves,60g,£1.28,£2.14/100g,20% Off. Was £1.60,Dietary & Lifestyle
085703,Waitrose Button Mushrooms,G,false,253,https://ecom-su-static-prod.wtrecom.com/images/products/3/LN_085703_BP_3.jpg,https://www.waitrose.com/ecom/products/waitrose-button-mushrooms/085703-43727-43727,Waitrose Button Mushrooms,200g,£1.45,£7.25/kg,,Dietary & Lifestyle
721403,Essential Diced Chicken Breast,G,true,254,https://ecom-su-static-prod.wtrecom.com/images/products/3/LN_721403_BP_3.jpg,https://www.waitrose.com/ecom/products/essential-diced-chicken-breast/721403-389023-389024,Essential Diced Chicken Breast,418g,£4.60,£11.01/kg,Add 3 for £12,Dietary & Lifestyle
077466,Waitrose Caesar Salad,G,false,255,https://ecom-su-static-prod.wtrecom.com/images/products/3/LN_077466_BP_3.jpg,https://www.waitrose.com/ecom/products/waitrose-caesar-salad/077466-39406-39407,Waitrose Caesar Salad,250g,£2.10,84p/100g,,Dietary & Lifestyle
061343,Essential Potato Salad,G,false,256,https://ecom-su-static-prod.wtrecom.com/images/products/3/LN_061343_BP_3.jpg,https://www.waitrose.com/ecom/products/essential-potato-salad/061343-31048-31049,Essential Potato Salad,300g,£1.20,40p/100g,,Dietary & Lifestyle
067651,Waitrose 4 Scottish Salmon Fillets,G,false,257,https://ecom-su-static-prod.wtrecom.com/images/products/3/LN_067651_BP_3.jpg,https://www.waitrose.com/ecom/products/waitrose-4-scottish-salmon-fillets/067651-34341-34342,Waitrose 4 Scottish Salmon Fillets,480g,£10.50,£21.88/kg,,Dietary & Lifestyle
035738,035738 - Solero Exotic Ice cream Lolly,G,true,258,https://ecom-su-static-prod.wtrecom.com/images/products/3/LN_035738_BP_3.jpg,https://www.waitrose.com/ecom/products/035738-solero-exotic-ice-cream-lolly/035738-17968-17969,035738 - Solero Exotic Ice cream Lolly,270ml,£2.75,£1.02/100ml,Add 2 for £4,Dietary & Lifestyle
006290,Waitrose Pome Dei Moro Tomatoes,G,false,259,https://ecom-su-static-prod.wtrecom.com/images/products/3/LN_006290_BP_3.jpg,https://www.waitrose.com/ecom/products/waitrose-pome-dei-moro-tomatoes/006290-2796-2797,Waitrose Pome Dei Moro Tomatoes,225g,£2.30,£10.23/kg,,Dietary & Lifestyle
548970,Waitrose 2 Poached Scottish Salmon Fillets,G,false,260,https://ecom-su-static-prod.wtrecom.com/images/products/3/LN_548970_BP_3.jpg,https://www.waitrose.com/ecom/products/waitrose-2-poached-scottish-salmon-fillets/548970-77639-77640,Waitrose 2 Poached Scottish Salmon Fillets,170g,£6.95,£4.09/100g,,Dietary & Lifestyle
539658,Waitrose 2 Almond Croissants,G,false,261,https://ecom-su-static-prod.wtrecom.com/images/products/3/LN_539658_BP_3.jpg,https://www.waitrose.com/ecom/products/waitrose-2-almond-croissants/539658-451628-451629,Waitrose 2 Almond Croissants,2s,£2.50,£1.25 each,,Dietary & Lifestyle
570084,Waitrose Super Bright Pan Fry,G,true,262,https://ecom-su-static-prod.wtrecom.com/images/products/3/LN_570084_BP_3.jpg,https://www.waitrose.com/ecom/products/waitrose-super-bright-pan-fry/570084-229743-229744,Waitrose Super Bright Pan Fry,300g,£2.00,66.7p/100g,"£7 Stir Fry Meal Deal: Add protein, veg, sauce & rice or noodles",Dietary & Lifestyle
488987,The Collective Strawberry Suckies Kids Yogurts,G,false,263,https://ecom-su-static-prod.wtrecom.com/images/products/3/LN_488987_BP_3.jpg,https://www.waitrose.com/ecom/products/the-collective-strawberry-suckies-kids-yogurts/488987-344066-344067,The Collective Strawberry Suckies Kids Yogurts,90g,£1.00,£1.12/100g,,Dietary & Lifestyle
807994,Essential Kale,G,false,264,https://ecom-su-static-prod.wtrecom.com/images/products/3/LN_807994_BP_3.jpg,https://www.waitrose.com/ecom/products/essential-kale/807994-373599-373600,Essential Kale,250g,£1.00,£4/kg,,Dietary & Lifestyle
086479,Duchy Organic Salad Onions Bunch,G,false,265,https://ecom-su-static-prod.wtrecom.com/images/products/3/LN_086479_BP_3.jpg,https://www.waitrose.com/ecom/products/duchy-organic-salad-onions-bunch/086479-44168-44169,Duchy Organic Salad Onions Bunch,Each,£1.10,£1.10 each,,Dietary & Lifestyle
070379,Waitrose Ready Washed Spinach,G,false,266,https://ecom-su-static-prod.wtrecom.com/images/products/3/LN_070379_BP_3.jpg,https://www.waitrose.com/ecom/products/waitrose-ready-washed-spinach/070379-35640-35641,Waitrose Ready Washed Spinach,235g,£2.00,85.1p/100g,,Dietary & Lifestyle
065367,Green & Black's Organic 85% Dark Chocolate Bar,G,false,267,https://ecom-su-static-prod.wtrecom.com/images/products/3/LN_065367_BP_3.jpg,https://www.waitrose.com/ecom/products/green-blacks-organic-85-dark-chocolate-bar/065367-33133-33134,Green & Black's Organic 85% Dark Chocolate Bar,90g,£2.50,£2.78/100g,,Dietary & Lifestyle
001303,Weetabix 24 pack,G,true,268,https://ecom-su-static-prod.wtrecom.com/images/products/3/LN_001303_BP_3.jpg,https://www.waitrose.com/ecom/products/weetabix-24-pack/001303-214-215,Weetabix 24 pack,24s,£3.00,12.5p each,save 55p. Was £3.55,Dietary & Lifestyle
085039,Jersey Royal New Potatoes,G,false,269,https://ecom-su-static-prod.wtrecom.com/images/products/3/LN_085039_BP_3.jpg,https://www.waitrose.com/ecom/products/jersey-royal-new-potatoes/085039-43147-43148,Jersey Royal New Potatoes,,£3.30,per kg,,Dietary & Lifestyle
790958,Perfectly Ripe Extra Large Avocados,G,false,270,https://ecom-su-static-prod.wtrecom.com/images/products/3/LN_790958_BP_3.jpg,https://www.waitrose.com/ecom/products/perfectly-ripe-extra-large-avocados/790958-586852-586853,Perfectly Ripe Extra Large Avocados,2s,£3.50,£1.75 each,,Dietary & Lifestyle
088637,Waitrose Granny Smith Apples,G,false,271,https://ecom-su-static-prod.wtrecom.com/images/products/3/LN_088637_BP_3.jpg,https://www.waitrose.com/ecom/products/waitrose-granny-smith-apples/088637-45523-45524,Waitrose Granny Smith Apples,6s,£1.80,30p each,,Dietary & Lifestyle
098595,Waitrose Braeburn Apples,G,false,272,https://ecom-su-static-prod.wtrecom.com/images/products/3/LN_098595_BP_3.jpg,https://www.waitrose.com/ecom/products/waitrose-braeburn-apples/098595-50293-50294,Waitrose Braeburn Apples,4s,£1.90,47.5p each,,Dietary & Lifestyle
696932,Waitrose Pomegranate,G,false,273,https://ecom-su-static-prod.wtrecom.com/images/products/3/LN_696932_BP_3.jpg,https://www.waitrose.com/ecom/products/waitrose-pomegranate/696932-512936-512937,Waitrose Pomegranate,210g,£2.95,£1.41/100g,,Dietary & Lifestyle
074234,Heinz Tomato Ketchup,G,true,274,https://ecom-su-static-prod.wtrecom.com/images/products/3/LN_074234_BP_3.jpg,https://www.waitrose.com/ecom/products/heinz-tomato-ketchup/074234-37688-37689,Heinz Tomato Ketchup,460g,£2.50,54.3p/100g,save 50p. Was £3.00,Dietary & Lifestyle
035050,Essential Soya Unsweetened Milk Alternative,G,false,275,https://ecom-su-static-prod.wtrecom.com/images/products/3/LN_035050_BP_3.jpg,https://www.waitrose.com/ecom/products/essential-soya-unsweetened-milk-alternative/035050-17659-17660,Essential Soya Unsweetened Milk Alternative,1litre,£1.10,£1.10/litre,,Dietary & Lifestyle
416651,Waitrose Mediterranean Style Vegetable Quiche,G,true,276,https://ecom-su-static-prod.wtrecom.com/images/products/3/LN_416651_BP_3.jpg,https://www.waitrose.com/ecom/products/waitrose-mediterranean-style-vegetable-quiche/416651-586382-586383,Waitrose Mediterranean Style Vegetable Quiche,400g,£3.50,87.5p/100g,Add 2 for £5.50,Dietary & Lifestyle
370583,Tyrrells Furrows Sea Salted Crisps,G,true,277,https://ecom-su-static-prod.wtrecom.com/images/products/3/LN_370583_BP_3.jpg,https://www.waitrose.com/ecom/products/tyrrells-furrows-sea-salted-crisps/370583-52100-52101,Tyrrells Furrows Sea Salted Crisps,150g,£2.00,£1.34/100g,save 75p. Was £2.75,Dietary & Lifestyle
009644,Waitrose Belgian Dark Chocolate 72%,G,false,278,https://ecom-su-static-prod.wtrecom.com/images/products/3/LN_009644_BP_3.jpg,https://www.waitrose.com/ecom/products/waitrose-belgian-dark-chocolate-72/009644-4773-4774,Waitrose Belgian Dark Chocolate 72%,180g,£2.20,£1.23/100g,,Dietary & Lifestyle
389776,Essential Thin & Crispy Cheese & Tomato Pizza,G,false,279,https://ecom-su-static-prod.wtrecom.com/images/products/3/LN_389776_BP_3.jpg,https://www.waitrose.com/ecom/products/essential-thin-crispy-cheese-tomato-pizza/389776-54797-54798,Essential Thin & Crispy Cheese & Tomato Pizza,142g,£1.50,£10.57/kg,,Dietary & Lifestyle
086922,Essential Iceberg Lettuce,G,false,280,https://ecom-su-static-prod.wtrecom.com/images/products/3/LN_086922_BP_3.jpg,https://www.waitrose.com/ecom/products/essential-iceberg-lettuce/086922-44408-44409,Essential Iceberg Lettuce,250g,£1.10,44p/100g,,Dietary & Lifestyle
504251,Essential Basmati Rice,G,false,281,https://ecom-su-static-prod.wtrecom.com/images/products/3/LN_504251_BP_3.jpg,https://www.waitrose.com/ecom/products/essential-basmati-rice/504251-148433-148434,Essential Basmati Rice,1kg,£2.30,£2.30/kg,,Dietary & Lifestyle
637930,The Tofoo Co. Naked Tofu,G,false,282,https://ecom-su-static-prod.wtrecom.com/images/products/3/LN_637930_BP_3.jpg,https://www.waitrose.com/ecom/products/the-tofoo-co-naked-tofu/637930-583696-583697,The Tofoo Co. Naked Tofu,280g,£2.40,£8.58/kg,,Dietary & Lifestyle
435380,Tropicana Pure Smooth Orange Juice Large,G,false,283,https://ecom-su-static-prod.wtrecom.com/images/products/3/LN_435380_BP_3.jpg,https://www.waitrose.com/ecom/products/tropicana-pure-smooth-orange-juice-large/435380-752403-752404,Tropicana Pure Smooth Orange Juice Large,1.5litre,£4.20,28p/100ml,,Dietary & Lifestyle
439978,Essential Frozen Berries,G,false,284,https://ecom-su-static-prod.wtrecom.com/images/products/3/LN_439978_BP_3.jpg,https://www.waitrose.com/ecom/products/essential-frozen-berries/439978-679257-679258,Essential Frozen Berries,1Kg,£4.20,42p/100g,,Dietary & Lifestyle
086187,Essential Honeydew Melon,G,false,285,https://ecom-su-static-prod.wtrecom.com/images/products/3/LN_086187_BP_3.jpg,https://www.waitrose.com/ecom/products/essential-honeydew-melon/086187-428553-44023,Essential Honeydew Melon,Each,£1.90,£1.90 each,,Dietary & Lifestyle
082835,Duchy Organic Unhomogenised Whole Milk 2 Pints,G,false,286,https://ecom-su-static-prod.wtrecom.com/images/products/3/LN_082835_BP_3.jpg,https://www.waitrose.com/ecom/products/duchy-organic-unhomogenised-whole-milk-2-pints/082835-42105-42106,Duchy Organic Unhomogenised Whole Milk 2 Pints,1.136litre,£1.65,£1.46/litre,,Dietary & Lifestyle
045953,Cooks' Ingredients Flat Leaf Parsley,G,false,287,https://ecom-su-static-prod.wtrecom.com/images/products/3/LN_045953_BP_3.jpg,https://www.waitrose.com/ecom/products/cooks-ingredients-flat-leaf-parsley/045953-22629-22630,Cooks' Ingredients Flat Leaf Parsley,100g,£1.65,16.5p/10g,,Dietary & Lifestyle
085511,Duchy Organic Onions,G,false,288,https://ecom-su-static-prod.wtrecom.com/images/products/3/LN_085511_BP_3.jpg,https://www.waitrose.com/ecom/products/duchy-organic-onions/085511-43590-43591,Duchy Organic Onions,750g,£1.70,£2.27/kg,,Dietary & Lifestyle
088652,Essential Seasonal Apples,G,false,289,https://ecom-su-static-prod.wtrecom.com/images/products/3/LN_088652_BP_3.jpg,https://www.waitrose.com/ecom/products/essential-seasonal-apples/088652-45537-45538,Essential Seasonal Apples,minimum 5,£1.95,39p each,,Dietary & Lifestyle
825121,Mutti Finely Chopped Tomatoes,G,true,290,https://ecom-su-static-prod.wtrecom.com/images/products/3/LN_825121_BP_3.jpg,https://www.waitrose.com/ecom/products/mutti-finely-chopped-tomatoes/825121-730910-730911,Mutti Finely Chopped Tomatoes,4x400g,£4.00,£2.50/kg,save £1.35. Was £5.35,Dietary & Lifestyle
088356,Waitrose Perfectly Ripe Seasonal Pears,G,false,291,https://ecom-su-static-prod.wtrecom.com/images/products/3/LN_088356_BP_3.jpg,https://www.waitrose.com/ecom/products/waitrose-perfectly-ripe-seasonal-pears/088356-45322-45323,Waitrose Perfectly Ripe Seasonal Pears,4s,£2.45,61.3p each,,Dietary & Lifestyle
085466,Waitrose Baby Corn,G,false,292,https://ecom-su-static-prod.wtrecom.com/images/products/3/LN_085466_BP_3.jpg,https://www.waitrose.com/ecom/products/waitrose-baby-corn/085466-43528-43529,Waitrose Baby Corn,175g,£1.75,£10/kg,,Dietary & Lifestyle
092330,Waitrose Red Chicory,G,false,293,https://ecom-su-static-prod.wtrecom.com/images/products/3/LN_092330_BP_3.jpg,https://www.waitrose.com/ecom/products/waitrose-red-chicory/092330-47503-47504,Waitrose Red Chicory,140g,£1.50,£10.72/kg,,Dietary & Lifestyle
076326,Waitrose Cooked Flamegrilled Chicken Pieces,G,true,294,https://ecom-su-static-prod.wtrecom.com/images/products/3/LN_076326_BP_3.jpg,https://www.waitrose.com/ecom/products/waitrose-cooked-flamegrilled-chicken-pieces/076326-38770-38771,Waitrose Cooked Flamegrilled Chicken Pieces,120g,£3.25,£2.71/100g,Add 2 for £5.50,Dietary & Lifestyle
037885,Waitrose Blacktail Free Range Very Large Eggs,G,false,295,https://ecom-su-static-prod.wtrecom.com/images/products/3/LN_037885_BP_3.jpg,https://www.waitrose.com/ecom/products/waitrose-blacktail-free-range-very-large-eggs/037885-18905-18906,Waitrose Blacktail Free Range Very Large Eggs,6s,£2.95,49.2p each,,Dietary & Lifestyle
869086,Waitrose Conference Pears,G,false,296,https://ecom-su-static-prod.wtrecom.com/images/products/3/LN_869086_BP_3.jpg,https://www.waitrose.com/ecom/products/waitrose-conference-pears/869086-373759-373760,Waitrose Conference Pears,4s,£2.40,60p each,,Dietary & Lifestyle
498730,Waitrose Sliced Runner Beans,G,true,297,https://ecom-su-static-prod.wtrecom.com/images/products/3/LN_498730_BP_3.jpg,https://www.waitrose.com/ecom/products/waitrose-sliced-runner-beans/498730-70467-70468,Waitrose Sliced Runner Beans,80g,£1.20,£1.50/100g,Add 3 for £3,Dietary & Lifestyle
085504,Duchy Organic Potatoes,G,false,298,https://ecom-su-static-prod.wtrecom.com/images/products/3/LN_085504_BP_3.jpg,https://www.waitrose.com/ecom/products/duchy-organic-potatoes/085504-428552-43583,Duchy Organic Potatoes,1.5kg,£1.95,£1.30/kg,,Dietary & Lifestyle
085888,Waitrose Baby Topped Carrots,G,false,299,https://ecom-su-static-prod.wtrecom.com/images/products/3/LN_085888_BP_3.jpg,https://www.waitrose.com/ecom/products/waitrose-baby-topped-carrots/085888-43818-43819,Waitrose Baby Topped Carrots,150g,£2.00,£13.34/kg,,Dietary & Lifestyle
085468,Waitrose Baby Corn & Sugar Snap Peas,G,true,300,https://ecom-su-static-prod.wtrecom.com/images/products/3/LN_085468_BP_3.jpg,https://www.waitrose.com/ecom/products/waitrose-baby-corn-sugar-snap-peas/085468-43532-43533,Waitrose Baby Corn & Sugar Snap Peas,190g,£2.20,£11.58/kg,Add 2 for £3.50,Dietary & Lifestyle
057079,Essential Wholemeal Baps,G,false,301,https://ecom-su-static-prod.wtrecom.com/images/products/3/LN_057079_BP_3.jpg,https://www.waitrose.com/ecom/products/essential-wholemeal-baps/057079-28695-28696,Essential Wholemeal Baps,6s,90p,15p each,,Dietary & Lifestyle
088150,Waitrose Cherries,G,true,302,https://ecom-su-static-prod.wtrecom.com/images/products/3/LN_088150_BP_3.jpg,https://www.waitrose.com/ecom/products/waitrose-cherries/088150-45131-45132,Waitrose Cherries,350g,£4.00,£11.43/kg,Add 2 for £6,Dietary & Lifestyle
829384,Fage Total 0% Fat Free Natural Greek Yogurt Large,G,false,303,https://ecom-su-static-prod.wtrecom.com/images/products/3/LN_829384_BP_3.jpg,https://www.waitrose.com/ecom/products/fage-total-0-fat-free-natural-greek-yogurt-large/829384-226068-226069,Fage Total 0% Fat Free Natural Greek Yogurt Large,950g,£5.80,61.1p/100g,,Dietary & Lifestyle
021131,Essential Pure Orange Juice,G,false,304,https://ecom-su-static-prod.wtrecom.com/images/products/3/LN_021131_BP_3.jpg,https://www.waitrose.com/ecom/products/essential-pure-orange-juice/021131-10299-10300,Essential Pure Orange Juice,1litre,£1.80,18p/100ml,,Dietary & Lifestyle
767118,Muller Corner Red Cherry Yogurt Single,G,true,305,https://ecom-su-static-prod.wtrecom.com/images/products/3/LN_767118_BP_3.jpg,https://www.waitrose.com/ecom/products/muller-corner-red-cherry-yogurt-single/767118-459898-459899,Muller Corner Red Cherry Yogurt Single,136g,95p,69.9p/100g,Add 4 for £2,Dietary & Lifestyle
020916,Essential Prunes in Apple Juice,G,false,306,https://ecom-su-static-prod.wtrecom.com/images/products/3/LN_020916_BP_3.jpg,https://www.waitrose.com/ecom/products/essential-prunes-in-apple-juice/020916-10169-10170,Essential Prunes in Apple Juice,drained 235g,£1.20,£5.11/kg,,Dietary & Lifestyle
054004,Essential Frozen British Garden Peas,G,false,307,https://ecom-su-static-prod.wtrecom.com/images/products/3/LN_054004_BP_3.jpg,https://www.waitrose.com/ecom/products/essential-frozen-british-garden-peas/054004-27081-27082,Essential Frozen British Garden Peas,1.25Kg,£1.85,£1.48/kg,,Dietary & Lifestyle
035988,Alpro Organic Soya Long Life No Sugar Dairy Free Milk Alternative,G,true,308,https://ecom-su-static-prod.wtrecom.com/images/products/3/LN_035988_BP_3.jpg,https://www.waitrose.com/ecom/products/alpro-organic-soya-long-life-no-sugar-dairy-free-milk-alternative/035988-18074-18075,Alpro Organic Soya Long Life No Sugar Dairy Free Milk Alternative,1litre,£1.50,£1.50/litre,save 50p. Was £2.00,Dietary & Lifestyle
400497,Waitrose Haddock Fillets MSC,G,true,309,https://ecom-su-static-prod.wtrecom.com/images/products/3/LN_400497_BP_3.jpg,https://www.waitrose.com/ecom/products/waitrose-haddock-fillets-msc/400497-459516-459517,Waitrose Haddock Fillets MSC,240g,£4.75,£19.80/kg,Add 3 for £12,Dietary & Lifestyle
836939,Essential 8 Large Wholemeal Tortilla Wraps,G,false,310,https://ecom-su-static-prod.wtrecom.com/images/products/3/LN_836939_BP_3.jpg,https://www.waitrose.com/ecom/products/essential-8-large-wholemeal-tortilla-wraps/836939-344550-344551,Essential 8 Large Wholemeal Tortilla Wraps,8s,£1.30,16.3p each,,Dietary & Lifestyle
708913,Waitrose Celery Sticks,G,false,311,https://ecom-su-static-prod.wtrecom.com/images/products/3/LN_708913_BP_3.jpg,https://www.waitrose.com/ecom/products/waitrose-celery-sticks/708913-459834-459835,Waitrose Celery Sticks,350g,£1.25,£3.58/kg,,Dietary & Lifestyle
461191,Waitrose Prepared Vegetable Trio,G,true,312,https://ecom-su-static-prod.wtrecom.com/images/products/3/LN_461191_BP_3.jpg,https://www.waitrose.com/ecom/products/waitrose-prepared-vegetable-trio/461191-349772-349773,Waitrose Prepared Vegetable Trio,80g,£1.20,£1.50/100g,Add 3 for £3,Dietary & Lifestyle
761775,Waitrose Frites,G,true,313,https://ecom-su-static-prod.wtrecom.com/images/products/3/LN_761775_BP_3.jpg,https://www.waitrose.com/ecom/products/waitrose-frites/761775-258075-258076,Waitrose Frites,300g,£2.60,£8.67/kg,£8 Chicken Dinner Meal Deal: Add 1 Main & 2 Extras,Dietary & Lifestyle
887538,Waitrose Cooked Flamegrilled Chicken Pieces,G,false,314,https://ecom-su-static-prod.wtrecom.com/images/products/3/LN_887538_BP_3.jpg,https://www.waitrose.com/ecom/products/waitrose-cooked-flamegrilled-chicken-pieces/887538-311500-311501,Waitrose Cooked Flamegrilled Chicken Pieces,200g,£4.25,£2.13/100g,,Dietary & Lifestyle
088911,Duchy Organic Lemons,G,false,315,https://ecom-su-static-prod.wtrecom.com/images/products/3/LN_088911_BP_3.jpg,https://www.waitrose.com/ecom/products/duchy-organic-lemons/088911-428558-45709,Duchy Organic Lemons,3s,£2.00,66.7p each,,Dietary & Lifestyle
612134,Charlie Bigham's Lasagne for 2,G,false,316,https://ecom-su-static-prod.wtrecom.com/images/products/3/LN_612134_BP_3.jpg,https://www.waitrose.com/ecom/products/charlie-bighams-lasagne-for-2/612134-86845-86846,Charlie Bigham's Lasagne for 2,690g,£9.50,£13.77/kg,,Dietary & Lifestyle
022540,Essential Sardines in Water,G,false,317,https://ecom-su-static-prod.wtrecom.com/images/products/3/LN_022540_BP_3.jpg,https://www.waitrose.com/ecom/products/essential-sardines-in-water/022540-11005-11006,Essential Sardines in Water,drained 84g,65p,77.4p/100g,,Dietary & Lifestyle
653557,Duchy Organic Wholemeal Seeded Half Bloomer,G,false,318,https://ecom-su-static-prod.wtrecom.com/images/products/3/LN_653557_BP_3.jpg,https://www.waitrose.com/ecom/products/duchy-organic-wholemeal-seeded-half-bloomer/653557-92785-92786,Duchy Organic Wholemeal Seeded Half Bloomer,400g,£2.20,55p/100g,,Dietary & Lifestyle
085156,Waitrose Bunched Beetroot,G,false,319,https://ecom-su-static-prod.wtrecom.com/images/products/3/LN_085156_BP_3.jpg,https://www.waitrose.com/ecom/products/waitrose-bunched-beetroot/085156-43248-43249,Waitrose Bunched Beetroot,500g,£2.10,£4.20/kg,,Dietary & Lifestyle
085709,Waitrose Large Flat Mushrooms,G,false,320,https://ecom-su-static-prod.wtrecom.com/images/products/3/LN_085709_BP_3.jpg,https://www.waitrose.com/ecom/products/waitrose-large-flat-mushrooms/085709-43733-43733,Waitrose Large Flat Mushrooms,250g,£1.50,£6/kg,,Dietary & Lifestyle
524019,Waitrose Frozen 2 Breaded Cod Fillets,G,false,321,https://ecom-su-static-prod.wtrecom.com/images/products/3/LN_524019_BP_3.jpg,https://www.waitrose.com/ecom/products/waitrose-frozen-2-breaded-cod-fillets/524019-239377-239378,Waitrose Frozen 2 Breaded Cod Fillets,300g,£4.40,£14.67/kg,,Dietary & Lifestyle
052470,Waitrose Italian Macaroni Cheese for 1,G,true,322,https://ecom-su-static-prod.wtrecom.com/images/products/3/LN_052470_BP_3.jpg,https://www.waitrose.com/ecom/products/waitrose-italian-macaroni-cheese-for-1/052470-26157-26158,Waitrose Italian Macaroni Cheese for 1,400g,£3.50,£8.75/kg,Add 2 for £6.50,Dietary & Lifestyle
022539,Essential Sardines in Olive Oil,G,false,323,https://ecom-su-static-prod.wtrecom.com/images/products/3/LN_022539_BP_3.jpg,https://www.waitrose.com/ecom/products/essential-sardines-in-olive-oil/022539-11003-11004,Essential Sardines in Olive Oil,drained 84g,£1.00,£1.20/100g,,Dietary & Lifestyle
021387,Waitrose Pains Au Chocolat,G,false,324,https://ecom-su-static-prod.wtrecom.com/images/products/3/LN_021387_BP_3.jpg,https://www.waitrose.com/ecom/products/waitrose-pains-au-chocolat/021387-10449-10450,Waitrose Pains Au Chocolat,4s,£2.50,62.5p each,,Dietary & Lifestyle
848533,Waitrose Lemongrass And Ginger Chicken Breast Kebab,G,true,325,https://ecom-su-static-prod.wtrecom.com/images/products/3/LN_848533_BP_3.jpg,https://www.waitrose.com/ecom/products/waitrose-lemongrass-and-ginger-chicken-breast-kebab/848533-175460-175461,Waitrose Lemongrass And Ginger Chicken Breast Kebab,248g,£4.25,£17.14/kg,Add 3 for £12,Dietary & Lifestyle
039527,Waitrose Wild Rocket,G,false,326,https://ecom-su-static-prod.wtrecom.com/images/products/3/LN_039527_BP_3.jpg,https://www.waitrose.com/ecom/products/waitrose-wild-rocket/039527-19581-19582,Waitrose Wild Rocket,150g,£2.55,£1.70/100g,,Dietary & Lifestyle
003011,No.1 Scottish Salmon Prime Fillet,G,false,327,https://ecom-su-static-prod.wtrecom.com/images/products/3/LN_003011_BP_3.jpg,https://www.waitrose.com/ecom/products/no1-scottish-salmon-prime-fillet/003011-1108-1109,No.1 Scottish Salmon Prime Fillet,500g,£12.95,£25.90/kg,,Dietary & Lifestyle
737731,Waitrose Guacamole,G,true,328,https://ecom-su-static-prod.wtrecom.com/images/products/3/LN_737731_BP_3.jpg,https://www.waitrose.com/ecom/products/waitrose-guacamole/737731-202407-202408,Waitrose Guacamole,170g,£1.75,£1.03/100g,Add 2 for £2.50,Dietary & Lifestyle
509364,Essential Mashed Potatoes,G,false,329,https://ecom-su-static-prod.wtrecom.com/images/products/3/LN_509364_BP_3.jpg,https://www.waitrose.com/ecom/products/essential-mashed-potatoes/509364-72013-72014,Essential Mashed Potatoes,400g,90p,£2.25/kg,,Dietary & Lifestyle
088050,No.1 Speciality Raspberries,G,true,330,https://ecom-su-static-prod.wtrecom.com/images/products/3/LN_088050_BP_3.jpg,https://www.waitrose.com/ecom/products/no1-speciality-raspberries/088050-415837-45026,No.1 Speciality Raspberries,200g,£3.50,£17.50/kg,Add 2 for £6,Dietary & Lifestyle
037711,No.1 Free Range Corn Fed Chicken Breast Fillets 2,G,false,331,https://ecom-su-static-prod.wtrecom.com/images/products/3/LN_037711_BP_3.jpg,https://www.waitrose.com/ecom/products/no1-free-range-corn-fed-chicken-breast-fillets-2/037711-18825-18826,No.1 Free Range Corn Fed Chicken Breast Fillets 2,Typical weight 0.3kg,£5.99 each est.,£19.97/kg,,Dietary & Lifestyle
085209,Essential White Cabbage,G,false,332,https://ecom-su-static-prod.wtrecom.com/images/products/3/LN_085209_BP_3.jpg,https://www.waitrose.com/ecom/products/essential-white-cabbage/085209-415836-43278,Essential White Cabbage,Typical weight 0.82kg,95p each est.,£1.15/kg,,Dietary & Lifestyle
653341,Waitrose Extra Virgin Olive Oil & Roasted Garlic Flatbread,G,true,333,https://ecom-su-static-prod.wtrecom.com/images/products/3/LN_653341_BP_3.jpg,https://www.waitrose.com/ecom/products/waitrose-extra-virgin-olive-oil-roasted-garlic-flatbread/653341-586659-586660,Waitrose Extra Virgin Olive Oil & Roasted Garlic Flatbread,155g,£1.68,£1.09/100g,25% Off. Was £2.25,Dietary & Lifestyle
086414,Essential Orange Peppers,G,false,334,https://ecom-su-static-prod.wtrecom.com/images/products/3/LN_086414_BP_3.jpg,https://www.waitrose.com/ecom/products/essential-orange-peppers/086414-44124-44125,Essential Orange Peppers,Typical weight 0.16kg,60p each est.,£3.75/kg,,Dietary & Lifestyle
085223,Waitrose Cavolo Nero,G,false,335,https://ecom-su-static-prod.wtrecom.com/images/products/3/LN_085223_BP_3.jpg,https://www.waitrose.com/ecom/products/waitrose-cavolo-nero/085223-43297-43298,Waitrose Cavolo Nero,200g,£1.55,£7.75/kg,,Dietary & Lifestyle
061330,Waitrose Red Pepper Houmous,G,true,336,https://ecom-su-static-prod.wtrecom.com/images/products/3/LN_061330_BP_3.jpg,https://www.waitrose.com/ecom/products/waitrose-red-pepper-houmous/061330-31040-31041,Waitrose Red Pepper Houmous,200g,£1.75,87.5p/100g,Add 2 for £2.50,Dietary & Lifestyle
519153,Easy to Cook Cajun Chicken Breasts,G,true,337,https://ecom-su-static-prod.wtrecom.com/images/products/3/LN_519153_BP_3.jpg,https://www.waitrose.com/ecom/products/easy-to-cook-cajun-chicken-breasts/519153-288219-288220,Easy to Cook Cajun Chicken Breasts,270g,£5.00,£18.52/kg,Add 3 for £12,Dietary & Lifestyle
716810,Cooks' Ingredients Medium Basil Pot,G,false,338,https://ecom-su-static-prod.wtrecom.com/images/products/3/LN_716810_BP_3.jpg,https://www.waitrose.com/ecom/products/cooks-ingredients-medium-basil-pot/716810-160673-160674,Cooks' Ingredients Medium Basil Pot,Each,£1.70,£1.70 each,,Dietary & Lifestyle
069460,Waitrose Pineapple Fruit Juice,G,false,339,https://ecom-su-static-prod.wtrecom.com/images/products/3/LN_069460_BP_3.jpg,https://www.waitrose.com/ecom/products/waitrose-pineapple-fruit-juice/069460-35221-35222,Waitrose Pineapple Fruit Juice,1litre,£2.10,21p/100ml,,Dietary & Lifestyle
758627,Waitrose Lightly Dusted Cod,G,true,340,https://ecom-su-static-prod.wtrecom.com/images/products/3/LN_758627_BP_3.jpg,https://www.waitrose.com/ecom/products/waitrose-lightly-dusted-cod/758627-689506-689507,Waitrose Lightly Dusted Cod,270g,£5.95,£22.04/kg,Add 3 for £12,Dietary & Lifestyle
073335,Waitrose Baby Plum Tomatoes,G,false,341,https://ecom-su-static-prod.wtrecom.com/images/products/3/LN_073335_BP_3.jpg,https://www.waitrose.com/ecom/products/waitrose-baby-plum-tomatoes/073335-37216-37217,Waitrose Baby Plum Tomatoes,400g,£3.00,£7.50/kg,,Dietary & Lifestyle
859589,Magnum Mini Classic,G,false,342,https://ecom-su-static-prod.wtrecom.com/images/products/3/LN_859589_BP_3.jpg,https://www.waitrose.com/ecom/products/magnum-mini-classic/859589-823426-823427,Magnum Mini Classic,6x55ml,£4.75,£1.44/100ml,,Dietary & Lifestyle
065343,Green & Black's Organic 70% Dark Chocolate Bar,G,false,343,https://ecom-su-static-prod.wtrecom.com/images/products/3/LN_065343_BP_3.jpg,https://www.waitrose.com/ecom/products/green-blacks-organic-70-dark-chocolate-bar/065343-33115-33116,Green & Black's Organic 70% Dark Chocolate Bar,90g,£2.50,£2.78/100g,,Dietary & Lifestyle
672168,Waitrose Water Chestnut & Bamboo Stir Fry,G,true,344,https://ecom-su-static-prod.wtrecom.com/images/products/3/LN_672168_BP_3.jpg,https://www.waitrose.com/ecom/products/waitrose-water-chestnut-bamboo-stir-fry/672168-683094-683095,Waitrose Water Chestnut & Bamboo Stir Fry,265g,£1.60,£6.04/kg,"£7 Stir Fry Meal Deal: Add protein, veg, sauce & rice or noodles",Dietary & Lifestyle
746556,Essential Cooked King Prawns ASC,G,false,345,https://ecom-su-static-prod.wtrecom.com/images/products/3/LN_746556_BP_3.jpg,https://www.waitrose.com/ecom/products/essential-cooked-king-prawns-asc/746556-153183-153184,Essential Cooked King Prawns ASC,150g,£3.50,£2.34/100g,,Dietary & Lifestyle
882279,Alpro Oat Milk No Sugar Dairy Free Milk Alternative,G,false,346,https://ecom-su-static-prod.wtrecom.com/images/products/3/LN_882279_BP_3.jpg,https://www.waitrose.com/ecom/products/alpro-oat-milk-no-sugar-dairy-free-milk-alternative/882279-677674-677675,Alpro Oat Milk No Sugar Dairy Free Milk Alternative,1litre,£2.10,£2.10/litre,,Dietary & Lifestyle
854928,Waitrose Italian Stone In Nocellara Olives,G,true,347,https://ecom-su-static-prod.wtrecom.com/images/products/3/LN_854928_BP_3.jpg,https://www.waitrose.com/ecom/products/waitrose-italian-stone-in-nocellara-olives/854928-420587-420588,Waitrose Italian Stone In Nocellara Olives,150g,£3.75,£2.50/100g,Add 2 for £5.50,Dietary & Lifestyle
059990,Essential Frozen Supersweet Sweetcorn,G,false,348,https://ecom-su-static-prod.wtrecom.com/images/products/3/LN_059990_BP_3.jpg,https://www.waitrose.com/ecom/products/essential-frozen-supersweet-sweetcorn/059990-30307-30308,Essential Frozen Supersweet Sweetcorn,750g,£1.40,£1.87/kg,,Dietary & Lifestyle
551289,Essential Frozen Dark Sweet Pitted Cherries,G,false,349,https://ecom-su-static-prod.wtrecom.com/images/products/3/LN_551289_BP_3.jpg,https://www.waitrose.com/ecom/products/essential-frozen-dark-sweet-pitted-cherries/551289-459695-459696,Essential Frozen Dark Sweet Pitted Cherries,400g,£2.35,58.8p/100g,,Dietary & Lifestyle
836769,Arla Skyr Natural Icelandic High Protein Fat Free Yogurt,G,false,350,https://ecom-su-static-prod.wtrecom.com/images/products/3/LN_836769_BP_3.jpg,https://www.waitrose.com/ecom/products/arla-skyr-natural-icelandic-high-protein-fat-free-yogurt/836769-437896-437897,Arla Skyr Natural Icelandic High Protein Fat Free Yogurt,450g,£2.35,52.2p/100g,,Dietary & Lifestyle
779634,"Waitrose Broccoli, Spinach & Ricotta Quiche",G,true,351,https://ecom-su-static-prod.wtrecom.com/images/products/3/LN_779634_BP_3.jpg,https://www.waitrose.com/ecom/products/waitrose-broccoli-spinach-ricotta-quiche/779634-586832-586833,"Waitrose Broccoli, Spinach & Ricotta Quiche",400g,£3.50,87.5p/100g,Add 2 for £5.50,Dietary & Lifestyle
048312,Tyrrells Sweet Chilli & Red Pepper Crisps,G,false,352,https://ecom-su-static-prod.wtrecom.com/images/products/3/LN_048312_BP_3.jpg,https://www.waitrose.com/ecom/products/tyrrells-sweet-chilli-red-pepper-crisps/048312-23945-23946,Tyrrells Sweet Chilli & Red Pepper Crisps,150g,£2.75,£1.84/100g,,Dietary & Lifestyle
615396,Waitrose Cod Fillets MSC,G,false,353,https://ecom-su-static-prod.wtrecom.com/images/products/3/LN_615396_BP_3.jpg,https://www.waitrose.com/ecom/products/waitrose-cod-fillets-msc/615396-451710-451711,Waitrose Cod Fillets MSC,240g,£4.75,£19.80/kg,,Dietary & Lifestyle
086477,Waitrose Continental Salad Onions,G,false,354,https://ecom-su-static-prod.wtrecom.com/images/products/3/LN_086477_BP_3.jpg,https://www.waitrose.com/ecom/products/waitrose-continental-salad-onions/086477-44166-44167,Waitrose Continental Salad Onions,per bunch,£1.25,£1.25 each,,Dietary & Lifestyle
687735,Waitrose 2 Scottish Salmon Tail Fillets,G,true,355,https://ecom-su-static-prod.wtrecom.com/images/products/3/LN_687735_BP_3.jpg,https://www.waitrose.com/ecom/products/waitrose-2-scottish-salmon-tail-fillets/687735-590363-590364,Waitrose 2 Scottish Salmon Tail Fillets,220g,£4.95,£22.50/kg,Add 3 for £12,Dietary & Lifestyle
521771,Lotus Biscoff Milk Chocolate Ice Cream Sticks,G,false,356,https://ecom-su-static-prod.wtrecom.com/images/products/3/LN_521771_BP_3.jpg,https://www.waitrose.com/ecom/products/lotus-biscoff-milk-chocolate-ice-cream-sticks/521771-688539-688540,Lotus Biscoff Milk Chocolate Ice Cream Sticks,3x90ml,£4.10,£1.52/100ml,,Dietary & Lifestyle
846419,Waitrose Chestnut Mushrooms 450g,G,false,357,https://ecom-su-static-prod.wtrecom.com/images/products/3/LN_846419_BP_3.jpg,https://www.waitrose.com/ecom/products/waitrose-chestnut-mushrooms-450g/846419-595278-595279,Waitrose Chestnut Mushrooms 450g,450g,£2.00,44.4p/100g,,Dietary & Lifestyle
006215,Essential Plain White Flour,G,false,358,https://ecom-su-static-prod.wtrecom.com/images/products/3/LN_006215_BP_3.jpg,https://www.waitrose.com/ecom/products/essential-plain-white-flour/006215-2730-2731,Essential Plain White Flour,1.5kg,85p,56.7p/kg,,Dietary & Lifestyle
085422,Waitrose Stringless Helda Beans,G,false,359,https://ecom-su-static-prod.wtrecom.com/images/products/3/LN_085422_BP_3.jpg,https://www.waitrose.com/ecom/products/waitrose-stringless-helda-beans/085422-43460-43461,Waitrose Stringless Helda Beans,280g,£2.30,£8.22/kg,,Dietary & Lifestyle
058977,Essential Still Natural Mineral Water,G,false,360,https://ecom-su-static-prod.wtrecom.com/images/products/3/LN_058977_BP_3.jpg,https://www.waitrose.com/ecom/products/essential-still-natural-mineral-water/058977-29684-29685,Essential Still Natural Mineral Water,6x500ml,£1.70,5.7p/100ml,,Dietary & Lifestyle
792220,Bellaverde Sweet Stem Broccoli,G,false,361,https://ecom-su-static-prod.wtrecom.com/images/products/3/LN_792220_BP_3.jpg,https://www.waitrose.com/ecom/products/bellaverde-sweet-stem-broccoli/792220-112697-112698,Bellaverde Sweet Stem Broccoli,200g,£2.40,£12/kg,,Dietary & Lifestyle
882160,Waitrose Extra Large Pineapple,G,true,362,https://ecom-su-static-prod.wtrecom.com/images/products/3/LN_882160_BP_3.jpg,https://www.waitrose.com/ecom/products/waitrose-extra-large-pineapple/882160-428482-428483,Waitrose Extra Large Pineapple,Each,£2.25,£2.25 each,Add 2 for £4,Dietary & Lifestyle
716321,Oatly Oat Milk Dairy Free Semi Skimmed Milk Alternative,G,false,363,https://ecom-su-static-prod.wtrecom.com/images/products/3/LN_716321_BP_3.jpg,https://www.waitrose.com/ecom/products/oatly-oat-milk-dairy-free-semi-skimmed-milk-alternative/716321-677456-677457,Oatly Oat Milk Dairy Free Semi Skimmed Milk Alternative,1litre,£2.20,£2.20/litre,,Dietary & Lifestyle
752051,Waitrose Essential Pitted Green Olives,G,false,364,https://ecom-su-static-prod.wtrecom.com/images/products/3/LN_752051_BP_3.jpg,https://www.waitrose.com/ecom/products/waitrose-essential-pitted-green-olives/752051-202417-202418,Waitrose Essential Pitted Green Olives,120g,£2.00,£1.67/100g,,Dietary & Lifestyle
001308,Essential Fruit & Nut Muesli,G,false,365,https://ecom-su-static-prod.wtrecom.com/images/products/3/LN_001308_BP_3.jpg,https://www.waitrose.com/ecom/products/essential-fruit-nut-muesli/001308-218-219,Essential Fruit & Nut Muesli,1kg,£3.00,30p/100g,,Dietary & Lifestyle
054209,Essential Frozen British Broccoli Florets,G,false,366,https://ecom-su-static-prod.wtrecom.com/images/products/3/LN_054209_BP_3.jpg,https://www.waitrose.com/ecom/products/essential-frozen-british-broccoli-florets/054209-27201-27202,Essential Frozen British Broccoli Florets,750g,£1.30,£1.74/kg,,Dietary & Lifestyle
085718,Waitrose Shiitake Mushrooms,G,false,367,https://ecom-su-static-prod.wtrecom.com/images/products/3/LN_085718_BP_3.jpg,https://www.waitrose.com/ecom/products/waitrose-shiitake-mushrooms/085718-43738-43739,Waitrose Shiitake Mushrooms,150g,£2.50,£16.67/kg,,Dietary & Lifestyle
400763,Waitrose Soft Prunes,G,false,368,https://ecom-su-static-prod.wtrecom.com/images/products/3/LN_400763_BP_3.jpg,https://www.waitrose.com/ecom/products/waitrose-soft-prunes/400763-491891-491892,Waitrose Soft Prunes,500g,£3.75,75p/100g,,Dietary & Lifestyle
085315,Duchy Organic Ridge Cucumber,G,false,369,https://ecom-su-static-prod.wtrecom.com/images/products/3/LN_085315_BP_3.jpg,https://www.waitrose.com/ecom/products/duchy-organic-ridge-cucumber/085315-43394-43395,Duchy Organic Ridge Cucumber,Each,£1.65,£1.65 each,,Dietary & Lifestyle
028022,Epicure Organic Black Beans,G,true,370,https://ecom-su-static-prod.wtrecom.com/images/products/3/LN_028022_BP_3.jpg,https://www.waitrose.com/ecom/products/epicure-organic-black-beans/028022-13632-13633,Epicure Organic Black Beans,drained 240g,95p,£3.96/kg,20% Off. Was £1.20,Dietary & Lifestyle
668582,Tyrrells Mature Cheddar & Chive Crisps,G,false,371,https://ecom-su-static-prod.wtrecom.com/images/products/3/LN_668582_BP_3.jpg,https://www.waitrose.com/ecom/products/tyrrells-mature-cheddar-chive-crisps/668582-94892-94893,Tyrrells Mature Cheddar & Chive Crisps,150g,£2.75,£1.84/100g,,Dietary & Lifestyle
746637,The Collective Banana Suckies Kids Yogurts,G,false,372,https://ecom-su-static-prod.wtrecom.com/images/products/3/LN_746637_BP_3.jpg,https://www.waitrose.com/ecom/products/the-collective-banana-suckies-kids-yogurts/746637-520179-520180,The Collective Banana Suckies Kids Yogurts,90g,£1.00,£1.12/100g,,Dietary & Lifestyle
085428,Essential Runner Beans,G,false,373,https://ecom-su-static-prod.wtrecom.com/images/products/3/LN_085428_BP_3.jpg,https://www.waitrose.com/ecom/products/essential-runner-beans/085428-43472-43473,Essential Runner Beans,280g,£2.20,£7.86/kg,,Dietary & Lifestyle
086513,No.1 Jack Hawkins Tomatoes,G,true,374,https://ecom-su-static-prod.wtrecom.com/images/products/3/LN_086513_BP_3.jpg,https://www.waitrose.com/ecom/products/no1-jack-hawkins-tomatoes/086513-44196-44197,No.1 Jack Hawkins Tomatoes,,£4.44,per kg,20% Off. Was £5.55,Dietary & Lifestyle
022524,Duchy Organic Spinach,G,false,375,https://ecom-su-static-prod.wtrecom.com/images/products/3/LN_022524_BP_3.jpg,https://www.waitrose.com/ecom/products/duchy-organic-spinach/022524-10989-10990,Duchy Organic Spinach,200g,£2.10,£10.50/kg,,Dietary & Lifestyle
012904,Waitrose Plums,G,true,376,https://ecom-su-static-prod.wtrecom.com/images/products/3/LN_012904_BP_3.jpg,https://www.waitrose.com/ecom/products/waitrose-plums/012904-6296-6297,Waitrose Plums,4s,£2.50,62.5p each,Add 2 for £4,Dietary & Lifestyle
065371,Waitrose Perfectly Ripe Mango,G,true,377,https://ecom-su-static-prod.wtrecom.com/images/products/3/LN_065371_BP_3.jpg,https://www.waitrose.com/ecom/products/waitrose-perfectly-ripe-mango/065371-33137-33138,Waitrose Perfectly Ripe Mango,2s,£2.75,£1.38 each,Add 2 for £4,Dietary & Lifestyle
842383,Waitrose Summer 4 Chimichurri Beef Bavette Steaks,G,true,378,https://ecom-su-static-prod.wtrecom.com/images/products/3/LN_842383_BP_3.jpg,https://www.waitrose.com/ecom/products/waitrose-summer-4-chimichurri-beef-bavette-steaks/842383-661297-661298,Waitrose Summer 4 Chimichurri Beef Bavette Steaks,280g,£4.25,£15.18/kg,Add 3 for £12,Dietary & Lifestyle
869600,Essential Side Salad,G,false,379,https://ecom-su-static-prod.wtrecom.com/images/products/3/LN_869600_BP_3.jpg,https://www.waitrose.com/ecom/products/essential-side-salad/869600-177458-177459,Essential Side Salad,150g,£1.50,£1/100g,,Dietary & Lifestyle
521575,Waitrose Tenderstem Broccoli Spears,G,true,380,https://ecom-su-static-prod.wtrecom.com/images/products/3/LN_521575_BP_3.jpg,https://www.waitrose.com/ecom/products/waitrose-tenderstem-broccoli-spears/521575-549946-549947,Waitrose Tenderstem Broccoli Spears,300g,£1.95,£6.50/kg,25% Off. Was £2.60,Dietary & Lifestyle
021910,Waitrose Pink Grapefruit Fruit Juice,G,false,381,https://ecom-su-static-prod.wtrecom.com/images/products/3/LN_021910_BP_3.jpg,https://www.waitrose.com/ecom/products/waitrose-pink-grapefruit-fruit-juice/021910-10690-10691,Waitrose Pink Grapefruit Fruit Juice,1litre,£2.10,21p/100ml,,Dietary & Lifestyle
025811,Waitrose Whole Roast Chicken,G,false,382,https://ecom-su-static-prod.wtrecom.com/images/products/3/LN_025811_BP_3.jpg,https://www.waitrose.com/ecom/products/waitrose-whole-roast-chicken/025811-12584-12585,Waitrose Whole Roast Chicken,Typical weight 1kg,£6.50 each est.,£6.50/kg,,Dietary & Lifestyle
802382,Waitrose 2 Mediterranean Sea Bream Fillets,G,true,383,https://ecom-su-static-prod.wtrecom.com/images/products/3/LN_802382_BP_3.jpg,https://www.waitrose.com/ecom/products/waitrose-2-mediterranean-sea-bream-fillets/802382-443882-443883,Waitrose 2 Mediterranean Sea Bream Fillets,180g,£5.50,£30.56/kg,Add 3 for £12,Dietary & Lifestyle
088133,Essential Home Ripening Apricots,G,false,384,https://ecom-su-static-prod.wtrecom.com/images/products/3/LN_088133_BP_3.jpg,https://www.waitrose.com/ecom/products/essential-home-ripening-apricots/088133-45115-45116,Essential Home Ripening Apricots,320g,£2.80,£8.75/kg,,Dietary & Lifestyle
085446,Essential Butternut Squash,G,false,385,https://ecom-su-static-prod.wtrecom.com/images/products/3/LN_085446_BP_3.jpg,https://www.waitrose.com/ecom/products/essential-butternut-squash/085446-43498-43499,Essential Butternut Squash,Each,£1.60,£1.60 each,,Dietary & Lifestyle
716526,"Waitrose Orange, Mango & Passionfruit Fruit Juice",G,false,386,https://ecom-su-static-prod.wtrecom.com/images/products/3/LN_716526_BP_3.jpg,https://www.waitrose.com/ecom/products/waitrose-orange-mango-passionfruit-fruit-juice/716526-101800-101801,"Waitrose Orange, Mango & Passionfruit Fruit Juice",1litre,£2.10,21p/100ml,,Dietary & Lifestyle
070805,Duchy Organic Skimmed Milk 2 Pints,G,false,387,https://ecom-su-static-prod.wtrecom.com/images/products/3/LN_070805_BP_3.jpg,https://www.waitrose.com/ecom/products/duchy-organic-skimmed-milk-2-pints/070805-35887-35888,Duchy Organic Skimmed Milk 2 Pints,1.136litre,£1.65,£1.46/litre,,Dietary & Lifestyle
022016,Rodda's Classic Cornish Clotted Cream,G,true,388,https://ecom-su-static-prod.wtrecom.com/images/products/3/LN_022016_BP_3.jpg,https://www.waitrose.com/ecom/products/roddas-classic-cornish-clotted-cream/022016-10736-10737,Rodda's Classic Cornish Clotted Cream,227g,£2.17,95.6p/100g,25% Off. Was £2.90,Dietary & Lifestyle
732781,Essential Bran Flakes,G,false,389,https://ecom-su-static-prod.wtrecom.com/images/products/3/LN_732781_BP_3.jpg,https://www.waitrose.com/ecom/products/essential-bran-flakes/732781-104123-104124,Essential Bran Flakes,750g,£1.50,20p/100g,,Dietary & Lifestyle
799654,Activia Rhubarb Gut Health Yogurts,G,true,390,https://ecom-su-static-prod.wtrecom.com/images/products/3/LN_799654_BP_3.jpg,https://www.waitrose.com/ecom/products/activia-rhubarb-gut-health-yogurts/799654-690834-690835,Activia Rhubarb Gut Health Yogurts,4x115g,£1.75,38p/100g,save 90p. Was £2.65,Dietary & Lifestyle
009882,Essential Frozen Whole Leaf Spinach,G,false,391,https://ecom-su-static-prod.wtrecom.com/images/products/3/LN_009882_BP_3.jpg,https://www.waitrose.com/ecom/products/essential-frozen-whole-leaf-spinach/009882-4912-4913,Essential Frozen Whole Leaf Spinach,750g,£1.75,£2.34/kg,,Dietary & Lifestyle
680613,Waitrose Easy Peelers Box,G,false,392,https://ecom-su-static-prod.wtrecom.com/images/products/3/LN_680613_BP_3.jpg,https://www.waitrose.com/ecom/products/waitrose-easy-peelers-box/680613-154673-154674,Waitrose Easy Peelers Box,1kg,£3.70,£3.70/kg,,Dietary & Lifestyle
042277,Essential Beansprouts,G,true,393,https://ecom-su-static-prod.wtrecom.com/images/products/3/LN_042277_BP_3.jpg,https://www.waitrose.com/ecom/products/essential-beansprouts/042277-20928-20929,Essential Beansprouts,250g,80p,32p/100g,"£7 Stir Fry Meal Deal: Add protein, veg, sauce & rice or noodles",Dietary & Lifestyle
030391,Waitrose Mediterranean Style Vegetables,G,false,394,https://ecom-su-static-prod.wtrecom.com/images/products/3/LN_030391_BP_3.jpg,https://www.waitrose.com/ecom/products/waitrose-mediterranean-style-vegetables/030391-14851-14852,Waitrose Mediterranean Style Vegetables,400g,£2.35,£5.88/kg,,Dietary & Lifestyle
088459,Essential Mini Easy Peelers,G,true,395,https://ecom-su-static-prod.wtrecom.com/images/products/3/LN_088459_BP_3.jpg,https://www.waitrose.com/ecom/products/essential-mini-easy-peelers/088459-45399-45400,Essential Mini Easy Peelers,600g,£1.50,£2.50/kg,Add 2 for £2.50,Dietary & Lifestyle
401104,Waitrose Yogurt Dressed Coleslaw,G,true,396,https://ecom-su-static-prod.wtrecom.com/images/products/3/LN_401104_BP_3.jpg,https://www.waitrose.com/ecom/products/waitrose-yogurt-dressed-coleslaw/401104-349719-349720,Waitrose Yogurt Dressed Coleslaw,300g,£2.25,75p/100g,£8 Chicken Dinner Meal Deal: Add 1 Main & 2 Extras,Dietary & Lifestyle
562833,Mirabeau En Provence Classic Rosé France,W,true,397,https://ecom-su-static-prod.wtrecom.com/images/products/3/LN_562833_BP_3.jpg,https://www.waitrose.com/ecom/products/mirabeau-en-provence-classic-rose-france/562833-136381-136382,Mirabeau En Provence Classic Rosé France,75cl,£13.99,£13.99/75cl,Buyers Choice,Dietary & Lifestyle
546080,"Essential Chicken Legs, Skin-on & Bone-in",G,false,398,https://ecom-su-static-prod.wtrecom.com/images/products/3/LN_546080_BP_3.jpg,https://www.waitrose.com/ecom/products/essential-chicken-legs-skin-on-bone-in/546080-369382-369383,"Essential Chicken Legs, Skin-on & Bone-in",Typical weight 0.53kg,£1.59 each est.,£3.00/kg,,Dietary & Lifestyle
662398,"Innocent Kids Strawberries, Raspberries & Apples Fruit Smoothies",G,false,399,https://ecom-su-static-prod.wtrecom.com/images/products/3/LN_662398_BP_3.jpg,https://www.waitrose.com/ecom/products/innocent-kids-strawberries-raspberries-apples-fruit-smoothies/662398-722233-722234,"Innocent Kids Strawberries, Raspberries & Apples Fruit Smoothies",4x150ml,£3.80,63.3p/100ml,,Dietary & Lifestyle
680848,Waitrose 2 British Native Breed Rump Steak Beef Burgers,G,true,400,https://ecom-su-static-prod.wtrecom.com/images/products/3/LN_680848_BP_3.jpg,https://www.waitrose.com/ecom/products/waitrose-2-british-native-breed-rump-steak-beef-burgers/680848-691766-691767,Waitrose 2 British Native Breed Rump Steak Beef Burgers,300g,£4.40,£14.67/kg,Add 3 for £12,Dietary & Lifestyle
025555,Kallo Lightly Salted Wholegrain Low Fat,G,true,401,https://ecom-su-static-prod.wtrecom.com/images/products/3/LN_025555_BP_3.jpg,https://www.waitrose.com/ecom/products/kallo-lightly-salted-wholegrain-low-fat/025555-12462-12463,Kallo Lightly Salted Wholegrain Low Fat,130g,£1.25,96.2p/100g,20% Off. Was £1.60,Dietary & Lifestyle
085205,Waitrose Red Cabbage,G,false,402,https://ecom-su-static-prod.wtrecom.com/images/products/3/LN_085205_BP_3.jpg,https://www.waitrose.com/ecom/products/waitrose-red-cabbage/085205-43272-43273,Waitrose Red Cabbage,Typical weight 0.54kg,62p each est.,£1.15/kg,,Dietary & Lifestyle
052941,Waitrose Green Pesto with Basil,G,false,403,https://ecom-su-static-prod.wtrecom.com/images/products/3/LN_052941_BP_3.jpg,https://www.waitrose.com/ecom/products/waitrose-green-pesto-with-basil/052941-26416-26417,Waitrose Green Pesto with Basil,145g,£2.75,£1.90/100g,,Dietary & Lifestyle
054268,Merchant Gourmet Puy Lentils,G,true,404,https://ecom-su-static-prod.wtrecom.com/images/products/3/LN_054268_BP_3.jpg,https://www.waitrose.com/ecom/products/merchant-gourmet-puy-lentils/054268-27243-27244,Merchant Gourmet Puy Lentils,250g,£1.50,£6/kg,save 60p. Was £2.10,Dietary & Lifestyle
055546,Waitrose Golden Blush Nectarines,G,false,405,https://ecom-su-static-prod.wtrecom.com/images/products/3/LN_055546_BP_3.jpg,https://www.waitrose.com/ecom/products/waitrose-golden-blush-nectarines/055546-27885-27886,Waitrose Golden Blush Nectarines,4s,£3.99,99.8p each,,Dietary & Lifestyle
012397,Waitrose Pitted Medjool Dates,G,false,406,https://ecom-su-static-prod.wtrecom.com/images/products/3/LN_012397_BP_3.jpg,https://www.waitrose.com/ecom/products/waitrose-pitted-medjool-dates/012397-6094-6095,Waitrose Pitted Medjool Dates,165g,£2.85,£17.28/kg,,Dietary & Lifestyle
867518,Essential Black Beans in Water,G,false,407,https://ecom-su-static-prod.wtrecom.com/images/products/3/LN_867518_BP_3.jpg,https://www.waitrose.com/ecom/products/essential-black-beans-in-water/867518-809302-809303,Essential Black Beans in Water,420g,70p,£2.78/kg,,Dietary & Lifestyle
086472,Waitrose Celery Hearts,G,false,408,https://ecom-su-static-prod.wtrecom.com/images/products/3/LN_086472_BP_3.jpg,https://www.waitrose.com/ecom/products/waitrose-celery-hearts/086472-44164-44165,Waitrose Celery Hearts,Each,£1.80,£1.80 each,,Dietary & Lifestyle
873276,No.1 2 Sicilian Lemon Tarts,G,true,409,https://ecom-su-static-prod.wtrecom.com/images/products/3/LN_873276_BP_3.jpg,https://www.waitrose.com/ecom/products/no1-2-sicilian-lemon-tarts/873276-719971-719972,No.1 2 Sicilian Lemon Tarts,2x75g,£4.50,£3/100g,£12 Our Very Best Dine In: Add Main + Side + Starter or Dessert,Dietary & Lifestyle
890694,"Easy to Cook Ginger, Coriander & Lime Chicken Breasts",G,true,410,https://ecom-su-static-prod.wtrecom.com/images/products/3/LN_890694_BP_3.jpg,https://www.waitrose.com/ecom/products/easy-to-cook-ginger-coriander-lime-chicken-breasts/890694-288267-288268,"Easy to Cook Ginger, Coriander & Lime Chicken Breasts",285g,£5.00,£17.55/kg,Add 3 for £12,Dietary & Lifestyle
033687,Essential Slicing Tomatoes,G,false,411,https://ecom-su-static-prod.wtrecom.com/images/products/3/LN_033687_BP_3.jpg,https://www.waitrose.com/ecom/products/essential-slicing-tomatoes/033687-16887-16888,Essential Slicing Tomatoes,2s,£1.80,90p each,,Dietary & Lifestyle
848098,Yorkshire Provender Roast Chicken Soup,G,true,412,https://ecom-su-static-prod.wtrecom.com/images/products/3/LN_848098_BP_3.jpg,https://www.waitrose.com/ecom/products/yorkshire-provender-roast-chicken-soup/848098-382400-382401,Yorkshire Provender Roast Chicken Soup,560g,£2.65,47.3p/100g,save 55p. Was £3.20,Dietary & Lifestyle
487443,Waitrose Passion Fruit,G,false,413,https://ecom-su-static-prod.wtrecom.com/images/products/3/LN_487443_BP_3.jpg,https://www.waitrose.com/ecom/products/waitrose-passion-fruit/487443-507834-507835,Waitrose Passion Fruit,3s,£1.50,50p each,,Dietary & Lifestyle
740318,Duchy Organic Leeks,G,false,414,https://ecom-su-static-prod.wtrecom.com/images/products/3/LN_740318_BP_3.jpg,https://www.waitrose.com/ecom/products/duchy-organic-leeks/740318-443842-443843,Duchy Organic Leeks,350g,£1.80,£5.15/kg,,Dietary & Lifestyle
060840,Essential Mushrooms,G,false,415,https://ecom-su-static-prod.wtrecom.com/images/products/3/LN_060840_BP_3.jpg,https://www.waitrose.com/ecom/products/essential-mushrooms/060840-30754-30755,Essential Mushrooms,500g,£1.65,£3.30/kg,,Dietary & Lifestyle
531387,Waitrose Gnocchi,G,false,416,https://ecom-su-static-prod.wtrecom.com/images/products/3/LN_531387_BP_3.jpg,https://www.waitrose.com/ecom/products/waitrose-gnocchi/531387-793228-793229,Waitrose Gnocchi,500g,£2.30,46p/100g,,Dietary & Lifestyle
757582,Waitrose Mango Chunks,G,false,417,https://ecom-su-static-prod.wtrecom.com/images/products/3/LN_757582_BP_3.jpg,https://www.waitrose.com/ecom/products/waitrose-mango-chunks/757582-698126-698127,Waitrose Mango Chunks,450g,£4.50,£10/kg,,Dietary & Lifestyle
561906,Waitrose Clementine Fruit Juice,G,false,418,https://ecom-su-static-prod.wtrecom.com/images/products/3/LN_561906_BP_3.jpg,https://www.waitrose.com/ecom/products/waitrose-clementine-fruit-juice/561906-373245-373246,Waitrose Clementine Fruit Juice,1litre,£2.10,21p/100ml,,Dietary & Lifestyle
088125,Waitrose Seedless Grape Selection,G,false,419,https://ecom-su-static-prod.wtrecom.com/images/products/3/LN_088125_BP_3.jpg,https://www.waitrose.com/ecom/products/waitrose-seedless-grape-selection/088125-45107-45108,Waitrose Seedless Grape Selection,800g,£4.00,£5/kg,,Dietary & Lifestyle
035308,Essential Long Life Whole Milk,G,false,420,https://ecom-su-static-prod.wtrecom.com/images/products/3/LN_035308_BP_3.jpg,https://www.waitrose.com/ecom/products/essential-long-life-whole-milk/035308-17783-17784,Essential Long Life Whole Milk,1litre,£1.00,£1/litre,,Dietary & Lifestyle
053445,Essential British Free Range Skimmed Milk 1 Pint,G,false,421,https://ecom-su-static-prod.wtrecom.com/images/products/3/LN_053445_BP_3.jpg,https://www.waitrose.com/ecom/products/essential-british-free-range-skimmed-milk-1-pint/053445-26743-26744,Essential British Free Range Skimmed Milk 1 Pint,568ml,95p,£1.68/litre,,Dietary & Lifestyle
771714,Levantine Table Sweet Potato Falafels,G,false,422,https://ecom-su-static-prod.wtrecom.com/images/products/3/LN_771714_BP_3.jpg,https://www.waitrose.com/ecom/products/levantine-table-sweet-potato-falafels/771714-755673-755674,Levantine Table Sweet Potato Falafels,192g,£3.75,£1.96/100g,,Dietary & Lifestyle
784091,Duchy Organic Cooked King Prawns,G,false,423,https://ecom-su-static-prod.wtrecom.com/images/products/3/LN_784091_BP_3.jpg,https://www.waitrose.com/ecom/products/duchy-organic-cooked-king-prawns/784091-538917-538918,Duchy Organic Cooked King Prawns,150g,£5.35,£3.57/100g,,Dietary & Lifestyle
054211,Essential Frozen British Baby Broad Beans,G,false,424,https://ecom-su-static-prod.wtrecom.com/images/products/3/LN_054211_BP_3.jpg,https://www.waitrose.com/ecom/products/essential-frozen-british-baby-broad-beans/054211-27203-27204,Essential Frozen British Baby Broad Beans,500g,£1.50,£3/kg,,Dietary & Lifestyle
855493,No.1 Icelandic Cod Loin MSC,G,false,425,https://ecom-su-static-prod.wtrecom.com/images/products/3/LN_855493_BP_3.jpg,https://www.waitrose.com/ecom/products/no1-icelandic-cod-loin-msc/855493-502991-502992,No.1 Icelandic Cod Loin MSC,260g,£6.75,£25.97/kg,,Dietary & Lifestyle
793096,Plenish Almond Long Life Organic Unsweetened Milk Alternative,G,false,426,https://ecom-su-static-prod.wtrecom.com/images/products/3/LN_793096_BP_3.jpg,https://www.waitrose.com/ecom/products/plenish-almond-long-life-organic-unsweetened-milk-alternative/793096-513076-513077,Plenish Almond Long Life Organic Unsweetened Milk Alternative,1litre,£2.35,£2.35/litre,,Dietary & Lifestyle
441375,The Collective Peach & Apricot Suckies Kids Yogurts,G,false,427,https://ecom-su-static-prod.wtrecom.com/images/products/3/LN_441375_BP_3.jpg,https://www.waitrose.com/ecom/products/the-collective-peach-apricot-suckies-kids-yogurts/441375-344006-344007,The Collective Peach & Apricot Suckies Kids Yogurts,90g,£1.00,£1.12/100g,,Dietary & Lifestyle
893134,Magnum Classic Vanilla Ice Cream Sticks,G,true,428,https://ecom-su-static-prod.wtrecom.com/images/products/3/LN_893134_BP_3.jpg,https://www.waitrose.com/ecom/products/magnum-classic-vanilla-ice-cream-sticks/893134-409662-409663,Magnum Classic Vanilla Ice Cream Sticks,3x100ml,£3.50,£1.17/100ml,Add 2 for £5,Dietary & Lifestyle
053136,Activia Fusion Prune Gut Health Yogurts,G,false,429,https://ecom-su-static-prod.wtrecom.com/images/products/3/LN_053136_BP_3.jpg,https://www.waitrose.com/ecom/products/activia-fusion-prune-gut-health-yogurts/053136-26525-26526,Activia Fusion Prune Gut Health Yogurts,4x120g,£3.00,62.5p/100g,,Dietary & Lifestyle
520941,Duchy Organic Courgettes,G,false,430,https://ecom-su-static-prod.wtrecom.com/images/products/3/LN_520941_BP_3.jpg,https://www.waitrose.com/ecom/products/duchy-organic-courgettes/520941-137985-137986,Duchy Organic Courgettes,300g,£2.50,£8.34/kg,,Dietary & Lifestyle
068324,Duchy Organic Romano Peppers,G,false,431,https://ecom-su-static-prod.wtrecom.com/images/products/3/LN_068324_BP_3.jpg,https://www.waitrose.com/ecom/products/duchy-organic-romano-peppers/068324-34683-34684,Duchy Organic Romano Peppers,180g,£2.30,£12.78/kg,,Dietary & Lifestyle
072376,Waitrose Perfectly Ripe Golden Kiwi,G,false,432,https://ecom-su-static-prod.wtrecom.com/images/products/3/LN_072376_BP_3.jpg,https://www.waitrose.com/ecom/products/waitrose-perfectly-ripe-golden-kiwi/072376-36733-36734,Waitrose Perfectly Ripe Golden Kiwi,4s,£3.50,87.5p each,,Dietary & Lifestyle
865820,865820 - Essential Frozen Mango Chunks,G,false,433,https://ecom-su-static-prod.wtrecom.com/images/products/3/LN_865820_BP_3.jpg,https://www.waitrose.com/ecom/products/865820-essential-frozen-mango-chunks/865820-679293-679294,865820 - Essential Frozen Mango Chunks,450g,£2.35,52.2p/100g,,Dietary & Lifestyle
704985,Waitrose Vine Ripened Tomato Salsa,G,true,434,https://ecom-su-static-prod.wtrecom.com/images/products/3/LN_704985_BP_3.jpg,https://www.waitrose.com/ecom/products/waitrose-vine-ripened-tomato-salsa/704985-100105-100106,Waitrose Vine Ripened Tomato Salsa,200g,£1.75,87.5p/100g,Add 2 for £2.50,Dietary & Lifestyle
085558,Duchy Organic Peppers,G,false,435,https://ecom-su-static-prod.wtrecom.com/images/products/3/LN_085558_BP_3.jpg,https://www.waitrose.com/ecom/products/duchy-organic-peppers/085558-43652-43653,Duchy Organic Peppers,2s,£2.25,£1.13 each,,Dietary & Lifestyle
086594,John Hurd's Organic Watercress,G,false,436,https://ecom-su-static-prod.wtrecom.com/images/products/3/LN_086594_BP_3.jpg,https://www.waitrose.com/ecom/products/john-hurds-organic-watercress/086594-44249-44250,John Hurd's Organic Watercress,80g,£2.25,£28.13/kg,,Dietary & Lifestyle
868287,Charlie Bigham's Cottage Pie for 1,G,true,437,https://ecom-su-static-prod.wtrecom.com/images/products/3/LN_868287_BP_3.jpg,https://www.waitrose.com/ecom/products/charlie-bighams-cottage-pie-for-1/868287-526190-526191,Charlie Bigham's Cottage Pie for 1,325g,£6.00,£18.47/kg,Add 2 for £11,Dietary & Lifestyle
053238,Muller Fruit Corner Vanilla with Chocolate Balls Yogurt Single,G,true,438,https://ecom-su-static-prod.wtrecom.com/images/products/3/LN_053238_BP_3.jpg,https://www.waitrose.com/ecom/products/muller-fruit-corner-vanilla-with-chocolate-balls-yogurt-single/053238-26611-26612,Muller Fruit Corner Vanilla with Chocolate Balls Yogurt Single,124g,95p,76.6p/100g,Add 4 for £2,Dietary & Lifestyle
047155,Volvic Still Mineral Water,G,false,439,https://ecom-su-static-prod.wtrecom.com/images/products/3/LN_047155_BP_3.jpg,https://www.waitrose.com/ecom/products/volvic-still-mineral-water/047155-23286-23287,Volvic Still Mineral Water,6x1.5litre,£4.95,5.5p/100ml,,Dietary & Lifestyle
053832,Waitrose Almonds,G,false,440,https://ecom-su-static-prod.wtrecom.com/images/products/3/LN_053832_BP_3.jpg,https://www.waitrose.com/ecom/products/waitrose-almonds/053832-26982-26983,Waitrose Almonds,150g,£2.25,£1.50/100g,,Dietary & Lifestyle
650101,Cooks' Ingredients Frozen Diced Onions,G,false,441,https://ecom-su-static-prod.wtrecom.com/images/products/3/LN_650101_BP_3.jpg,https://www.waitrose.com/ecom/products/cooks-ingredients-frozen-diced-onions/650101-154639-154640,Cooks' Ingredients Frozen Diced Onions,500g,£1.50,£3/kg,,Dietary & Lifestyle
088404,Waitrose Duchy Organic Oranges,G,false,442,https://ecom-su-static-prod.wtrecom.com/images/products/3/LN_088404_BP_3.jpg,https://www.waitrose.com/ecom/products/waitrose-duchy-organic-oranges/088404-428557-45350,Waitrose Duchy Organic Oranges,4s,£2.00,50p each,,Dietary & Lifestyle
001204,Essential Corn Flakes,G,false,443,https://ecom-su-static-prod.wtrecom.com/images/products/3/LN_001204_BP_3.jpg,https://www.waitrose.com/ecom/products/essential-corn-flakes/001204-144-145,Essential Corn Flakes,500g,£1.00,20p/100g,,Dietary & Lifestyle
017485,Waitrose Sun-Dried Tomatoes,G,false,444,https://ecom-su-static-prod.wtrecom.com/images/products/3/LN_017485_BP_3.jpg,https://www.waitrose.com/ecom/products/waitrose-sun-dried-tomatoes/017485-8484-8485,Waitrose Sun-Dried Tomatoes,280g,£3.00,£10.72/kg,,Dietary & Lifestyle
088250,Waitrose Extra Large Perfectly Ripe Avocado,G,false,445,https://ecom-su-static-prod.wtrecom.com/images/products/3/LN_088250_BP_3.jpg,https://www.waitrose.com/ecom/products/waitrose-extra-large-perfectly-ripe-avocado/088250-45224-45225,Waitrose Extra Large Perfectly Ripe Avocado,Each,£1.80,£1.80 each,,Dietary & Lifestyle
067127,Tilda Wholegrain Basmati Rice,G,false,446,https://ecom-su-static-prod.wtrecom.com/images/products/3/LN_067127_BP_3.jpg,https://www.waitrose.com/ecom/products/tilda-wholegrain-basmati-rice/067127-34006-34007,Tilda Wholegrain Basmati Rice,250g,£1.65,£6.60/kg,,Dietary & Lifestyle
011269,Cooks' Ingredients Unwaxed Limes,G,true,447,https://ecom-su-static-prod.wtrecom.com/images/products/3/LN_011269_BP_3.jpg,https://www.waitrose.com/ecom/products/cooks-ingredients-unwaxed-limes/011269-5598-5599,Cooks' Ingredients Unwaxed Limes,4s,£1.44,36p each,20% Off. Was £1.80,Dietary & Lifestyle
073603,Essential 10 Frozen Cod Fish Fingers MSC,G,false,448,https://ecom-su-static-prod.wtrecom.com/images/products/3/LN_073603_BP_3.jpg,https://www.waitrose.com/ecom/products/essential-10-frozen-cod-fish-fingers-msc/073603-37332-37333,Essential 10 Frozen Cod Fish Fingers MSC,300g,£2.75,£9.17/kg,,Dietary & Lifestyle
801778,Waitrose Extra Large Potatoes,G,false,449,https://ecom-su-static-prod.wtrecom.com/images/products/3/LN_801778_BP_3.jpg,https://www.waitrose.com/ecom/products/waitrose-extra-large-potatoes/801778-691224-691225,Waitrose Extra Large Potatoes,4s,£1.80,45p each,,Dietary & Lifestyle
890148,Easy To Cook Lemon & Pepper Chicken Breasts,G,true,450,https://ecom-su-static-prod.wtrecom.com/images/products/3/LN_890148_BP_3.jpg,https://www.waitrose.com/ecom/products/easy-to-cook-lemon-pepper-chicken-breasts/890148-210780-210781,Easy To Cook Lemon & Pepper Chicken Breasts,267g,£5.00,£18.73/kg,Add 3 for £12,Dietary & Lifestyle
724789,Arla Lactofree Lactose Free Whole Milk Alternative,G,false,451,https://ecom-su-static-prod.wtrecom.com/images/products/3/LN_724789_BP_3.jpg,https://www.waitrose.com/ecom/products/arla-lactofree-lactose-free-whole-milk-alternative/724789-102966-102967,Arla Lactofree Lactose Free Whole Milk Alternative,1litre,£1.95,£1.95/litre,,Dietary & Lifestyle
679338,Essential Hot Cross Buns,G,false,452,https://ecom-su-static-prod.wtrecom.com/images/products/3/LN_679338_BP_3.jpg,https://www.waitrose.com/ecom/products/essential-hot-cross-buns/679338-794952-794953,Essential Hot Cross Buns,4s,£1.00,25p each,,Dietary & Lifestyle
025649,Waitrose Mixed Bean Salad,G,false,453,https://ecom-su-static-prod.wtrecom.com/images/products/3/LN_025649_BP_3.jpg,https://www.waitrose.com/ecom/products/waitrose-mixed-bean-salad/025649-12512-12513,Waitrose Mixed Bean Salad,240g,£2.50,£1.05/100g,,Dietary & Lifestyle
025030,Waitrose Chilli Beetroot,G,true,454,https://ecom-su-static-prod.wtrecom.com/images/products/3/LN_025030_BP_3.jpg,https://www.waitrose.com/ecom/products/waitrose-chilli-beetroot/025030-12120-12121,Waitrose Chilli Beetroot,180g,£1.32,73.3p/100g,20% Off. Was £1.65,Dietary & Lifestyle
720768,Waitrose 8 Chocolate Chip Brioche Rolls,G,false,455,https://ecom-su-static-prod.wtrecom.com/images/products/3/LN_720768_BP_3.jpg,https://www.waitrose.com/ecom/products/waitrose-8-chocolate-chip-brioche-rolls/720768-715242-715243,Waitrose 8 Chocolate Chip Brioche Rolls,8s,£2.00,25p each,,Dietary & Lifestyle
058021,Evian Still Mineral Water,G,false,456,https://ecom-su-static-prod.wtrecom.com/images/products/3/LN_058021_BP_3.jpg,https://www.waitrose.com/ecom/products/evian-still-mineral-water/058021-29122-29123,Evian Still Mineral Water,6x50cl,£3.35,11.2p/100ml,,Dietary & Lifestyle
029975,Buxton Still Natural Mineral Water,G,false,457,https://ecom-su-static-prod.wtrecom.com/images/products/3/LN_029975_BP_3.jpg,https://www.waitrose.com/ecom/products/buxton-still-natural-mineral-water/029975-14613-14614,Buxton Still Natural Mineral Water,8x500ml,£2.60,6.5p/100ml,,Dietary & Lifestyle
063823,Waitrose Marinated Chargrilled Italian Artichokes,G,true,458,https://ecom-su-static-prod.wtrecom.com/images/products/3/LN_063823_BP_3.jpg,https://www.waitrose.com/ecom/products/waitrose-marinated-chargrilled-italian-artichokes/063823-32405-32406,Waitrose Marinated Chargrilled Italian Artichokes,160g,£4.00,£2.50/100g,Add 2 for £5.50,Dietary & Lifestyle
019543,Essential Lentils in Water,G,false,459,https://ecom-su-static-prod.wtrecom.com/images/products/3/LN_019543_BP_3.jpg,https://www.waitrose.com/ecom/products/essential-lentils-in-water/019543-9473-9474,Essential Lentils in Water,drained 260g,70p,£2.70/kg,,Dietary & Lifestyle
026697,Heinz Baked Beans No Added Sugar Single Serve,G,true,460,https://ecom-su-static-prod.wtrecom.com/images/products/3/LN_026697_BP_3.jpg,https://www.waitrose.com/ecom/products/heinz-baked-beans-no-added-sugar-single-serve/026697-12995-12996,Heinz Baked Beans No Added Sugar Single Serve,200g,£1.00,£5/kg,Add 2 for £1.50,Dietary & Lifestyle
824605,Waitrose Fine Green Beans,G,false,461,https://ecom-su-static-prod.wtrecom.com/images/products/3/LN_824605_BP_3.jpg,https://www.waitrose.com/ecom/products/waitrose-fine-green-beans/824605-231191-231192,Waitrose Fine Green Beans,450g,£2.60,£5.78/kg,,Dietary & Lifestyle
786602,Activia Strawberry Gut Health Yogurts,G,true,462,https://ecom-su-static-prod.wtrecom.com/images/products/3/LN_786602_BP_3.jpg,https://www.waitrose.com/ecom/products/activia-strawberry-gut-health-yogurts/786602-690832-690833,Activia Strawberry Gut Health Yogurts,4x115g,£1.75,38p/100g,save 90p. Was £2.65,Dietary & Lifestyle
019708,Essential Chopped Tomatoes in Natural Juice,G,false,463,https://ecom-su-static-prod.wtrecom.com/images/products/3/LN_019708_BP_3.jpg,https://www.waitrose.com/ecom/products/essential-chopped-tomatoes-in-natural-juice/019708-9577-9578,Essential Chopped Tomatoes in Natural Juice,227g,50p,£2.21/kg,,Dietary & Lifestyle
576364,Charlie Bigham's Lasagne for 1,G,true,464,https://ecom-su-static-prod.wtrecom.com/images/products/3/LN_576364_BP_3.jpg,https://www.waitrose.com/ecom/products/charlie-bighams-lasagne-for-1/576364-425874-425875,Charlie Bigham's Lasagne for 1,355g,£6.00,£16.91/kg,Add 2 for £11,Dietary & Lifestyle
033981,No. 1 Freshly Squeezed Smooth Orange Juice,G,false,465,https://ecom-su-static-prod.wtrecom.com/images/products/3/LN_033981_BP_3.jpg,https://www.waitrose.com/ecom/products/no-1-freshly-squeezed-smooth-orange-juice/033981-17007-17008,No. 1 Freshly Squeezed Smooth Orange Juice,1litre,£3.40,34p/100ml,,Dietary & Lifestyle
621650,Crosta & Mollica Pizza Base with Tomato Sauce,G,false,466,https://ecom-su-static-prod.wtrecom.com/images/products/3/LN_621650_BP_3.jpg,https://www.waitrose.com/ecom/products/crosta-mollica-pizza-base-with-tomato-sauce/621650-200263-200264,Crosta & Mollica Pizza Base with Tomato Sauce,270g,£2.60,£9.63/kg,,Dietary & Lifestyle
405608,Innocent Pure Smooth Orange Fruit Juice,G,false,467,https://ecom-su-static-prod.wtrecom.com/images/products/3/LN_405608_BP_3.jpg,https://www.waitrose.com/ecom/products/innocent-pure-smooth-orange-fruit-juice/405608-124108-124109,Innocent Pure Smooth Orange Fruit Juice,900ml,£3.15,35p/100ml,,Dietary & Lifestyle
776278,Gran Luchito 10 Mexican Soft Taco Wraps,G,false,468,https://ecom-su-static-prod.wtrecom.com/images/products/3/LN_776278_BP_3.jpg,https://www.waitrose.com/ecom/products/gran-luchito-10-mexican-soft-taco-wraps/776278-703285-703286,Gran Luchito 10 Mexican Soft Taco Wraps,300g,£1.95,65p/100g,,Dietary & Lifestyle
072682,Waitrose Perfectly Ripe Large Mango,G,true,469,https://ecom-su-static-prod.wtrecom.com/images/products/3/LN_072682_BP_3.jpg,https://www.waitrose.com/ecom/products/waitrose-perfectly-ripe-large-mango/072682-36888-36889,Waitrose Perfectly Ripe Large Mango,Each,£1.50,£1.50 each,25% Off. Was £2.00,Dietary & Lifestyle
421385,Waitrose Mango And Coconut Chicken Breast Steak,G,true,470,https://ecom-su-static-prod.wtrecom.com/images/products/3/LN_421385_BP_3.jpg,https://www.waitrose.com/ecom/products/waitrose-mango-and-coconut-chicken-breast-steak/421385-661221-661222,Waitrose Mango And Coconut Chicken Breast Steak,284g,£4.25,£14.97/kg,Add 3 for £12,Dietary & Lifestyle
008521,Waitrose Golden Caster Sugar,G,false,471,https://ecom-su-static-prod.wtrecom.com/images/products/3/LN_008521_BP_3.jpg,https://www.waitrose.com/ecom/products/waitrose-golden-caster-sugar/008521-4055-4056,Waitrose Golden Caster Sugar,1kg,£2.65,£2.65/kg,,Dietary & Lifestyle
083527,Waitrose Extra Large Raw King Prawns ASC,G,true,472,https://ecom-su-static-prod.wtrecom.com/images/products/3/LN_083527_BP_3.jpg,https://www.waitrose.com/ecom/products/waitrose-extra-large-raw-king-prawns-asc/083527-42405-42406,Waitrose Extra Large Raw King Prawns ASC,165g,£3.71,£22.49/kg,25% Off. Was £4.95,Dietary & Lifestyle
897741,Waitrose Breaded Lemon Sole Goujons,G,true,473,https://ecom-su-static-prod.wtrecom.com/images/products/3/LN_897741_BP_3.jpg,https://www.waitrose.com/ecom/products/waitrose-breaded-lemon-sole-goujons/897741-689942-689943,Waitrose Breaded Lemon Sole Goujons,220g,£5.75,£26.14/kg,Add 3 for £12,Dietary & Lifestyle
394963,Charlie Bigham's Fish Pie for 2,G,false,474,https://ecom-su-static-prod.wtrecom.com/images/products/3/LN_394963_BP_3.jpg,https://www.waitrose.com/ecom/products/charlie-bighams-fish-pie-for-2/394963-55511-55512,Charlie Bigham's Fish Pie for 2,655g,£9.95,£15.20/kg,,Dietary & Lifestyle
019524,Essential Red Kidney Beans in Chilli Sauce,G,false,475,https://ecom-su-static-prod.wtrecom.com/images/products/3/LN_019524_BP_3.jpg,https://www.waitrose.com/ecom/products/essential-red-kidney-beans-in-chilli-sauce/019524-9453-9454,Essential Red Kidney Beans in Chilli Sauce,395g,£1.00,£2.54/kg,,Dietary & Lifestyle
609537,"Waitrose Frozen Raw, Peeled Jumbo King Prawns",G,true,476,https://ecom-su-static-prod.wtrecom.com/images/products/3/LN_609537_BP_3.jpg,https://www.waitrose.com/ecom/products/waitrose-frozen-raw-peeled-jumbo-king-prawns/609537-653351-653352,"Waitrose Frozen Raw, Peeled Jumbo King Prawns",200g,£5.00,£25/kg,Add 2 for £8,Dietary & Lifestyle
055290,Duchy Organic Chicken Breast Fillets 2,G,false,477,https://ecom-su-static-prod.wtrecom.com/images/products/3/LN_055290_BP_3.jpg,https://www.waitrose.com/ecom/products/duchy-organic-chicken-breast-fillets-2/055290-27757-27758,Duchy Organic Chicken Breast Fillets 2,Typical weight 440g,£12.32 each est.,£2.80/100g,,Dietary & Lifestyle
021354,Waitrose Tomato Juice,G,false,478,https://ecom-su-static-prod.wtrecom.com/images/products/3/LN_021354_BP_3.jpg,https://www.waitrose.com/ecom/products/waitrose-tomato-juice/021354-10419-10420,Waitrose Tomato Juice,1litre,£2.10,21p/100ml,,Dietary & Lifestyle
567398,The Collective Raspberry Suckies Kids Yogurts,G,false,479,https://ecom-su-static-prod.wtrecom.com/images/products/3/LN_567398_BP_3.jpg,https://www.waitrose.com/ecom/products/the-collective-raspberry-suckies-kids-yogurts/567398-486537-486538,The Collective Raspberry Suckies Kids Yogurts,90g,£1.00,£1.12/100g,,Dietary & Lifestyle
609928,Waitrose Pineapple,G,false,480,https://ecom-su-static-prod.wtrecom.com/images/products/3/LN_609928_BP_3.jpg,https://www.waitrose.com/ecom/products/waitrose-pineapple/609928-698050-698051,Waitrose Pineapple,275g,£2.70,£9.82/kg,,Dietary & Lifestyle
806339,Waitrose Mediterranean Olives with Herbes De Provence,G,true,481,https://ecom-su-static-prod.wtrecom.com/images/products/3/LN_806339_BP_3.jpg,https://www.waitrose.com/ecom/products/waitrose-mediterranean-olives-with-herbes-de-provence/806339-676368-676369,Waitrose Mediterranean Olives with Herbes De Provence,145g,£3.75,£2.59/100g,Add 2 for £5.50,Dietary & Lifestyle
088220,Waitrose Perfectly Ripe Large Solo Papaya,G,true,482,https://ecom-su-static-prod.wtrecom.com/images/products/3/LN_088220_BP_3.jpg,https://www.waitrose.com/ecom/products/waitrose-perfectly-ripe-large-solo-papaya/088220-45186-45187,Waitrose Perfectly Ripe Large Solo Papaya,Each,£2.72,£2.72 each,20% Off. Was £3.40,Dietary & Lifestyle
024418,Waitrose Baby Sugar Snaps,G,false,483,https://ecom-su-static-prod.wtrecom.com/images/products/3/LN_024418_BP_3.jpg,https://www.waitrose.com/ecom/products/waitrose-baby-sugar-snaps/024418-11836-11837,Waitrose Baby Sugar Snaps,160g,£2.00,£12.50/kg,,Dietary & Lifestyle
754833,Waitrose Cooked & Peeled Jumbo King Prawns,G,true,484,https://ecom-su-static-prod.wtrecom.com/images/products/3/LN_754833_BP_3.jpg,https://www.waitrose.com/ecom/products/waitrose-cooked-peeled-jumbo-king-prawns/754833-653357-653358,Waitrose Cooked & Peeled Jumbo King Prawns,200g,£5.50,£2.75/100g,Add 2 for £8,Dietary & Lifestyle
081286,Essential Plum Tomatoes,G,false,485,https://ecom-su-static-prod.wtrecom.com/images/products/3/LN_081286_BP_3.jpg,https://www.waitrose.com/ecom/products/essential-plum-tomatoes/081286-41343-41344,Essential Plum Tomatoes,500g,£1.70,£3.40/kg,,Dietary & Lifestyle
006212,Essential Self Raising White Wheat Flour,G,false,486,https://ecom-su-static-prod.wtrecom.com/images/products/3/LN_006212_BP_3.jpg,https://www.waitrose.com/ecom/products/essential-self-raising-white-wheat-flour/006212-2728-2729,Essential Self Raising White Wheat Flour,1.5kg,85p,56.7p/kg,,Dietary & Lifestyle
813558,Duchy Organic Chickpeas in Water,G,false,487,https://ecom-su-static-prod.wtrecom.com/images/products/3/LN_813558_BP_3.jpg,https://www.waitrose.com/ecom/products/duchy-organic-chickpeas-in-water/813558-747686-747687,Duchy Organic Chickpeas in Water,drained 246g,£1.15,£4.68/kg,,Dietary & Lifestyle
061131,Essential Carrot Batons,G,false,488,https://ecom-su-static-prod.wtrecom.com/images/products/3/LN_061131_BP_3.jpg,https://www.waitrose.com/ecom/products/essential-carrot-batons/061131-30914-30915,Essential Carrot Batons,400g,£1.35,33.8p/100g,,Dietary & Lifestyle
016139,Essential Low Fat Cottage Cheese Strength 1,G,false,489,https://ecom-su-static-prod.wtrecom.com/images/products/3/LN_016139_BP_3.jpg,https://www.waitrose.com/ecom/products/essential-low-fat-cottage-cheese-strength-1/016139-7724-7725,Essential Low Fat Cottage Cheese Strength 1,300g,£1.40,£4.67/kg,,Dietary & Lifestyle
034128,Essential Vegetable Oil,G,false,490,https://ecom-su-static-prod.wtrecom.com/images/products/3/LN_034128_BP_3.jpg,https://www.waitrose.com/ecom/products/essential-vegetable-oil/034128-17079-17080,Essential Vegetable Oil,1litre,£2.10,21p/100ml,,Dietary & Lifestyle
085249,Waitrose Trimmed Cauliflower,G,false,491,https://ecom-su-static-prod.wtrecom.com/images/products/3/LN_085249_BP_3.jpg,https://www.waitrose.com/ecom/products/waitrose-trimmed-cauliflower/085249-43331-43332,Waitrose Trimmed Cauliflower,Each,£1.90,£1.90 each,,Dietary & Lifestyle
813746,Waitrose Chocolate Coated Raisins,G,false,492,https://ecom-su-static-prod.wtrecom.com/images/products/3/LN_813746_BP_3.jpg,https://www.waitrose.com/ecom/products/waitrose-chocolate-coated-raisins/813746-368300-368301,Waitrose Chocolate Coated Raisins,135g,£1.80,£1.34/100g,,Dietary & Lifestyle
088632,Waitrose Royal Gala Apples,G,false,493,https://ecom-su-static-prod.wtrecom.com/images/products/3/LN_088632_BP_3.jpg,https://www.waitrose.com/ecom/products/waitrose-royal-gala-apples/088632-45517-45518,Waitrose Royal Gala Apples,4s,£1.90,47.5p each,,Dietary & Lifestyle
037011,No.1 Free Range Corn Fed Whole Chicken,G,false,494,https://ecom-su-static-prod.wtrecom.com/images/products/3/LN_037011_BP_3.jpg,https://www.waitrose.com/ecom/products/no1-free-range-corn-fed-whole-chicken/037011-18529-18530,No.1 Free Range Corn Fed Whole Chicken,Typical weight 1.58kg,£14.22 each est.,£9/kg,,Dietary & Lifestyle
087584,Rachel's Organic Divine Rice Pudding,G,false,495,https://ecom-su-static-prod.wtrecom.com/images/products/3/LN_087584_BP_3.jpg,https://www.waitrose.com/ecom/products/rachels-organic-divine-rice-pudding/087584-44782-44783,Rachel's Organic Divine Rice Pudding,2x150g,£2.35,78.3p/100g,,Dietary & Lifestyle
862833,Waitrose British Native Breed Beef Rump Steak Stir Fry Strips,G,true,496,https://ecom-su-static-prod.wtrecom.com/images/products/3/LN_862833_BP_3.jpg,https://www.waitrose.com/ecom/products/waitrose-british-native-breed-beef-rump-steak-stir-fry-strips/862833-645336-645337,Waitrose British Native Breed Beef Rump Steak Stir Fry Strips,250g,£4.50,£18/kg,Add 3 for £12,Dietary & Lifestyle
024492,Waitrose Moroccan Spiced Fruity Couscous,G,false,497,https://ecom-su-static-prod.wtrecom.com/images/products/3/LN_024492_BP_3.jpg,https://www.waitrose.com/ecom/products/waitrose-moroccan-spiced-fruity-couscous/024492-11868-11869,Waitrose Moroccan Spiced Fruity Couscous,235g,£2.50,£1.07/100g,,Dietary & Lifestyle
605642,Charlie Bigham's Salmon en Croute For 2,G,false,498,https://ecom-su-static-prod.wtrecom.com/images/products/3/LN_605642_BP_3.jpg,https://www.waitrose.com/ecom/products/charlie-bighams-salmon-en-croute-for-2/605642-692419-692420,Charlie Bigham's Salmon en Croute For 2,440g,£9.50,£21.60/kg,,Dietary & Lifestyle
832754,Essential Frozen Strawberries,G,false,499,https://ecom-su-static-prod.wtrecom.com/images/products/3/LN_832754_BP_3.jpg,https://www.waitrose.com/ecom/products/essential-frozen-strawberries/832754-679283-679284,Essential Frozen Strawberries,400g,£2.35,£5.88/kg,,Dietary & Lifestyle
633760,Sabra Houmous Extra,G,false,500,https://ecom-su-static-prod.wtrecom.com/images/products/3/LN_633760_BP_3.jpg,https://www.waitrose.com/ecom/products/sabra-houmous-extra/633760-653550-653551,Sabra Houmous Extra,200g,£2.65,£1.33/100g,,Dietary & Lifestyle
541230,Essential Spinach & Ricotta Tortelloni,G,false,501,https://ecom-su-static-prod.wtrecom.com/images/products/3/LN_541230_BP_3.jpg,https://www.waitrose.com/ecom/products/essential-spinach-ricotta-tortelloni/541230-793230-793231,Essential Spinach & Ricotta Tortelloni,300g,£2.20,73.3p/100g,,Dietary & Lifestyle
030689,Waitrose Mushroom Stir Fry,G,true,502,https://ecom-su-static-prod.wtrecom.com/images/products/3/LN_030689_BP_3.jpg,https://www.waitrose.com/ecom/products/waitrose-mushroom-stir-fry/030689-14985-14986,Waitrose Mushroom Stir Fry,350g,£1.60,£4.58/kg,"£7 Stir Fry Meal Deal: Add protein, veg, sauce & rice or noodles",Dietary & Lifestyle
016264,Essential Cottage Cheese Strength 1,G,false,503,https://ecom-su-static-prod.wtrecom.com/images/products/3/LN_016264_BP_3.jpg,https://www.waitrose.com/ecom/products/essential-cottage-cheese-strength-1/016264-7790-7791,Essential Cottage Cheese Strength 1,300g,£1.40,£4.67/kg,,Dietary & Lifestyle
515769,Waitrose Soft White Farmhouse,G,false,504,https://ecom-su-static-prod.wtrecom.com/images/products/3/LN_515769_BP_3.jpg,https://www.waitrose.com/ecom/products/waitrose-soft-white-farmhouse/515769-381821-381822,Waitrose Soft White Farmhouse,800g,£1.45,18.1p/100g,,Dietary & Lifestyle
677353,Essential Mackerel Fillets in Olive Oil,G,false,505,https://ecom-su-static-prod.wtrecom.com/images/products/3/LN_677353_BP_3.jpg,https://www.waitrose.com/ecom/products/essential-mackerel-fillets-in-olive-oil/677353-96223-96224,Essential Mackerel Fillets in Olive Oil,drained 82g,£1.25,£1.53/100g,,Dietary & Lifestyle
742748,Waitrose Essential Pitted Black Olives,G,false,506,https://ecom-su-static-prod.wtrecom.com/images/products/3/LN_742748_BP_3.jpg,https://www.waitrose.com/ecom/products/waitrose-essential-pitted-black-olives/742748-202413-202414,Waitrose Essential Pitted Black Olives,120g,£2.00,£1.67/100g,,Dietary & Lifestyle
085124,Waitrose Chantenay Carrots,G,false,507,https://ecom-su-static-prod.wtrecom.com/images/products/3/LN_085124_BP_3.jpg,https://www.waitrose.com/ecom/products/waitrose-chantenay-carrots/085124-43219-43220,Waitrose Chantenay Carrots,500g,£1.30,£2.60/kg,,Dietary & Lifestyle
888848,Rebel Kitchen 100% Organic Coconut Water,G,false,508,https://ecom-su-static-prod.wtrecom.com/images/products/3/LN_888848_BP_3.jpg,https://www.waitrose.com/ecom/products/rebel-kitchen-100-organic-coconut-water/888848-575950-575951,Rebel Kitchen 100% Organic Coconut Water,750ml,£5.25,70p/100ml,,Dietary & Lifestyle
019544,Essential Mixed Bean Salad in Water,G,false,509,https://ecom-su-static-prod.wtrecom.com/images/products/3/LN_019544_BP_3.jpg,https://www.waitrose.com/ecom/products/essential-mixed-bean-salad-in-water/019544-9475-9476,Essential Mixed Bean Salad in Water,drained 270g,£1.00,£3.71/kg,,Dietary & Lifestyle
085532,Duchy Organic Asparagus,G,false,510,https://ecom-su-static-prod.wtrecom.com/images/products/3/LN_085532_BP_3.jpg,https://www.waitrose.com/ecom/products/duchy-organic-asparagus/085532-43618-43619,Duchy Organic Asparagus,200g,£2.75,£13.75/kg,,Dietary & Lifestyle
091545,Essential Tomato & Basil Sauce,G,false,511,https://ecom-su-static-prod.wtrecom.com/images/products/3/LN_091545_BP_3.jpg,https://www.waitrose.com/ecom/products/essential-tomato-basil-sauce/091545-47146-47147,Essential Tomato & Basil Sauce,350g,£1.95,55.7p/100g,,Dietary & Lifestyle
001048,Kellogg's Corn Flakes Breakfast Cereal Large Pack,G,true,512,https://ecom-su-static-prod.wtrecom.com/images/products/3/LN_001048_BP_3.jpg,https://www.waitrose.com/ecom/products/kelloggs-corn-flakes-breakfast-cereal-large-pack/001048-27-28,Kellogg's Corn Flakes Breakfast Cereal Large Pack,670g,£2.75,41p/100g,save 45p. Was £3.20,Dietary & Lifestyle
711884,Waitrose Cauliflower Cheese,G,false,513,https://ecom-su-static-prod.wtrecom.com/images/products/3/LN_711884_BP_3.jpg,https://www.waitrose.com/ecom/products/waitrose-cauliflower-cheese/711884-704573-704574,Waitrose Cauliflower Cheese,450g,£3.35,£7.45/kg,,Dietary & Lifestyle
861180,British Baby Chestnut Mushrooms,G,false,514,https://ecom-su-static-prod.wtrecom.com/images/products/3/LN_861180_BP_3.jpg,https://www.waitrose.com/ecom/products/british-baby-chestnut-mushrooms/861180-595292-595293,British Baby Chestnut Mushrooms,200g,£1.70,£8.50/kg,,Dietary & Lifestyle
807621,Essential MSC Tuna Chunks in Spring Water,G,false,515,https://ecom-su-static-prod.wtrecom.com/images/products/3/LN_807621_BP_3.jpg,https://www.waitrose.com/ecom/products/essential-msc-tuna-chunks-in-spring-water/807621-728764-728765,Essential MSC Tuna Chunks in Spring Water,drained 112g,£1.25,£1.12/100g,,Dietary & Lifestyle
032284,Essential Fruit & Fibre Wheat Flakes,G,false,516,https://ecom-su-static-prod.wtrecom.com/images/products/3/LN_032284_BP_3.jpg,https://www.waitrose.com/ecom/products/essential-fruit-fibre-wheat-flakes/032284-15753-15754,Essential Fruit & Fibre Wheat Flakes,750g,£1.85,24.7p/100g,,Dietary & Lifestyle
091364,Waitrose New York Vanilla Cheesecake,G,false,517,https://ecom-su-static-prod.wtrecom.com/images/products/3/LN_091364_BP_3.jpg,https://www.waitrose.com/ecom/products/waitrose-new-york-vanilla-cheesecake/091364-47077-47078,Waitrose New York Vanilla Cheesecake,540g,£5.25,97.2p/100g,,Dietary & Lifestyle
744490,Magnum Classic Chocolate Vanilla Ice Cream Sticks,G,false,518,https://ecom-su-static-prod.wtrecom.com/images/products/3/LN_744490_BP_3.jpg,https://www.waitrose.com/ecom/products/magnum-classic-chocolate-vanilla-ice-cream-sticks/744490-802044-802045,Magnum Classic Chocolate Vanilla Ice Cream Sticks,6x100ml,£6.15,£1.03/100ml,,Dietary & Lifestyle
088261,Waitrose Supersweet Medium Pineapple,G,false,519,https://ecom-su-static-prod.wtrecom.com/images/products/3/LN_088261_BP_3.jpg,https://www.waitrose.com/ecom/products/waitrose-supersweet-medium-pineapple/088261-45238-45239,Waitrose Supersweet Medium Pineapple,Each,£1.50,£1.50 each,,Dietary & Lifestyle
019525,Essential Red Kidney Beans in Water,G,false,520,https://ecom-su-static-prod.wtrecom.com/images/products/3/LN_019525_BP_3.jpg,https://www.waitrose.com/ecom/products/essential-red-kidney-beans-in-water/019525-9455-9456,Essential Red Kidney Beans in Water,drained 180g,50p,£2.78/kg,,Dietary & Lifestyle
085542,Duchy Organic Green Beans,G,false,521,https://ecom-su-static-prod.wtrecom.com/images/products/3/LN_085542_BP_3.jpg,https://www.waitrose.com/ecom/products/duchy-organic-green-beans/085542-43632-43633,Duchy Organic Green Beans,225g,£2.15,£9.56/kg,,Dietary & Lifestyle
886249,No.1 Wood-fired Chargrilled Vegetable & Pesto Sourdough Pizza,G,false,522,https://ecom-su-static-prod.wtrecom.com/images/products/3/LN_886249_BP_3.jpg,https://www.waitrose.com/ecom/products/no1-wood-fired-chargrilled-vegetable-pesto-sourdough-pizza/886249-703688-703689,No.1 Wood-fired Chargrilled Vegetable & Pesto Sourdough Pizza,499g,£5.95,£11.93/kg,,Dietary & Lifestyle
715073,"Innocent Kids Oranges, Mangoes & Pineapples Fruit Smoothies",G,false,523,https://ecom-su-static-prod.wtrecom.com/images/products/3/LN_715073_BP_3.jpg,https://www.waitrose.com/ecom/products/innocent-kids-oranges-mangoes-pineapples-fruit-smoothies/715073-722325-722326,"Innocent Kids Oranges, Mangoes & Pineapples Fruit Smoothies",4x150ml,£3.80,63.3p/100ml,,Dietary & Lifestyle
838859,Bio-tiful Dairy Organic Natural Kefir Drink,G,false,524,https://ecom-su-static-prod.wtrecom.com/images/products/3/LN_838859_BP_3.jpg,https://www.waitrose.com/ecom/products/bio-tiful-dairy-organic-natural-kefir-drink/838859-668780-668781,Bio-tiful Dairy Organic Natural Kefir Drink,500ml,£2.95,59p/100ml,,Dietary & Lifestyle
088285,Waitrose Speciality Figs,G,false,525,https://ecom-su-static-prod.wtrecom.com/images/products/3/LN_088285_BP_3.jpg,https://www.waitrose.com/ecom/products/waitrose-speciality-figs/088285-45260-45261,Waitrose Speciality Figs,140g,£2.95,£21.08/kg,,Dietary & Lifestyle
544050,Alpro Almond Long Life No Sugar Dairy Free Milk Alternative,G,true,526,https://ecom-su-static-prod.wtrecom.com/images/products/3/LN_544050_BP_3.jpg,https://www.waitrose.com/ecom/products/alpro-almond-long-life-no-sugar-dairy-free-milk-alternative/544050-260026-260027,Alpro Almond Long Life No Sugar Dairy Free Milk Alternative,1litre,£1.50,£1.50/litre,save 70p. Was £2.20,Dietary & Lifestyle
542516,Waitrose Garlic Butter Filled Doughballs,G,false,527,https://ecom-su-static-prod.wtrecom.com/images/products/3/LN_542516_BP_3.jpg,https://www.waitrose.com/ecom/products/waitrose-garlic-butter-filled-doughballs/542516-166918-166919,Waitrose Garlic Butter Filled Doughballs,250g,£3.25,£1.30/100g,,Dietary & Lifestyle
027119,Essential Original Blend 160 Tea Bags,G,false,528,https://ecom-su-static-prod.wtrecom.com/images/products/3/LN_027119_BP_3.jpg,https://www.waitrose.com/ecom/products/essential-original-blend-160-tea-bags/027119-13181-13182,Essential Original Blend 160 Tea Bags,500g,£2.40,48p/100g,,Dietary & Lifestyle
019482,Waitrose 2 Scottish Loch Trout Fillets,G,false,529,https://ecom-su-static-prod.wtrecom.com/images/products/3/LN_019482_BP_3.jpg,https://www.waitrose.com/ecom/products/waitrose-2-scottish-loch-trout-fillets/019482-9419-9420,Waitrose 2 Scottish Loch Trout Fillets,265g,£6.75,£25.48/kg,,Dietary & Lifestyle
887019,Essential Salad Bowl,G,false,530,https://ecom-su-static-prod.wtrecom.com/images/products/3/LN_887019_BP_3.jpg,https://www.waitrose.com/ecom/products/essential-salad-bowl/887019-420651-420652,Essential Salad Bowl,330g,£2.80,84.8p/100g,,Dietary & Lifestyle
682867,Waitrose Fresh Fusilli,G,false,531,https://ecom-su-static-prod.wtrecom.com/images/products/3/LN_682867_BP_3.jpg,https://www.waitrose.com/ecom/products/waitrose-fresh-fusilli/682867-793254-793255,Waitrose Fresh Fusilli,500g,£2.30,46p/100g,,Dietary & Lifestyle
680219,Waitrose Moroccan Style Houmous,G,true,532,https://ecom-su-static-prod.wtrecom.com/images/products/3/LN_680219_BP_3.jpg,https://www.waitrose.com/ecom/products/waitrose-moroccan-style-houmous/680219-96605-96606,Waitrose Moroccan Style Houmous,200g,£1.75,87.5p/100g,Add 2 for £2.50,Dietary & Lifestyle
041237,Waitrose Wild Rocket Salad,G,false,533,https://ecom-su-static-prod.wtrecom.com/images/products/3/LN_041237_BP_3.jpg,https://www.waitrose.com/ecom/products/waitrose-wild-rocket-salad/041237-20404-20405,Waitrose Wild Rocket Salad,110g,£2.00,£1.82/100g,,Dietary & Lifestyle
882722,Waitrose Garlic & Jalapeño Greek Halikidiki Olives,G,true,534,https://ecom-su-static-prod.wtrecom.com/images/products/3/LN_882722_BP_3.jpg,https://www.waitrose.com/ecom/products/waitrose-garlic-jalapeno-greek-halikidiki-olives/882722-202537-202538,Waitrose Garlic & Jalapeño Greek Halikidiki Olives,150g,£3.75,£2.50/100g,Add 2 for £5.50,Dietary & Lifestyle
478074,"Waitrose Brown Rice, Green Vegetable Stir Fry",G,true,535,https://ecom-su-static-prod.wtrecom.com/images/products/3/LN_478074_BP_3.jpg,https://www.waitrose.com/ecom/products/waitrose-brown-rice-green-vegetable-stir-fry/478074-549871-549872,"Waitrose Brown Rice, Green Vegetable Stir Fry",300g,£2.30,76.7p/100g,"£7 Stir Fry Meal Deal: Add protein, veg, sauce & rice or noodles",Dietary & Lifestyle
064441,Cooks' Ingredients Mint,G,false,536,https://ecom-su-static-prod.wtrecom.com/images/products/3/LN_064441_BP_3.jpg,https://www.waitrose.com/ecom/products/cooks-ingredients-mint/064441-32706-32707,Cooks' Ingredients Mint,100g,£1.65,16.5p/10g,,Dietary & Lifestyle
023549,Trimmed Salad Onions,G,false,537,https://ecom-su-static-prod.wtrecom.com/images/products/3/LN_023549_BP_3.jpg,https://www.waitrose.com/ecom/products/trimmed-salad-onions/023549-11426-11427,Trimmed Salad Onions,125g,£1.20,£9.60/kg,,Dietary & Lifestyle
008900,Muller Corner Vanilla Chocolate Balls & Banana Chocolate Flakes Yogurts,G,false,538,https://ecom-su-static-prod.wtrecom.com/images/products/3/LN_008900_BP_3.jpg,https://www.waitrose.com/ecom/products/muller-corner-vanilla-chocolate-balls-banana-chocolate-flakes-yogurts/008900-4229-4229,Muller Corner Vanilla Chocolate Balls & Banana Chocolate Flakes Yogurts,6x124Each,£4.20,56.5p/100g,,Dietary & Lifestyle
537568,No.1 Wood-fired Mushroom & Truffle Sourdough Pizza,G,false,539,https://ecom-su-static-prod.wtrecom.com/images/products/3/LN_537568_BP_3.jpg,https://www.waitrose.com/ecom/products/no1-wood-fired-mushroom-truffle-sourdough-pizza/537568-702719-702720,No.1 Wood-fired Mushroom & Truffle Sourdough Pizza,440g,£5.95,£13.53/kg,,Dietary & Lifestyle
054073,Waitrose Cherries,G,false,540,https://ecom-su-static-prod.wtrecom.com/images/products/3/LN_054073_BP_3.jpg,https://www.waitrose.com/ecom/products/waitrose-cherries/054073-27123-27124,Waitrose Cherries,600g,£5.00,£8.34/kg,,Dietary & Lifestyle
655081,Essential Low Fat Natural Greek Style Yogurt,G,false,541,https://ecom-su-static-prod.wtrecom.com/images/products/3/LN_655081_BP_3.jpg,https://www.waitrose.com/ecom/products/essential-low-fat-natural-greek-style-yogurt/655081-138559-138560,Essential Low Fat Natural Greek Style Yogurt,500g,£1.10,22p/100g,,Dietary & Lifestyle
053135,Essential Low Fat Natural Yogurt,G,false,542,https://ecom-su-static-prod.wtrecom.com/images/products/3/LN_053135_BP_3.jpg,https://www.waitrose.com/ecom/products/essential-low-fat-natural-yogurt/053135-26523-26524,Essential Low Fat Natural Yogurt,500g,90p,18p/100g,,Dietary & Lifestyle
072502,Waitrose Edamame Bean salad,G,false,543,https://ecom-su-static-prod.wtrecom.com/images/products/3/LN_072502_BP_3.jpg,https://www.waitrose.com/ecom/products/waitrose-edamame-bean-salad/072502-36798-36799,Waitrose Edamame Bean salad,190g,£2.50,£1.32/100g,,Dietary & Lifestyle
088113,Essential Home Ripening Plums,G,false,544,https://ecom-su-static-prod.wtrecom.com/images/products/3/LN_088113_BP_3.jpg,https://www.waitrose.com/ecom/products/essential-home-ripening-plums/088113-45099-45100,Essential Home Ripening Plums,400g,£1.40,£3.50/kg,,Dietary & Lifestyle
051061,Waitrose Frozen Breaded Chicken Breast Chunks,G,false,545,https://ecom-su-static-prod.wtrecom.com/images/products/3/LN_051061_BP_3.jpg,https://www.waitrose.com/ecom/products/waitrose-frozen-breaded-chicken-breast-chunks/051061-25391-25392,Waitrose Frozen Breaded Chicken Breast Chunks,300g,£3.50,£11.67/kg,,Dietary & Lifestyle
088879,Waitrose Cashew Nuts,G,false,546,https://ecom-su-static-prod.wtrecom.com/images/products/3/LN_088879_BP_3.jpg,https://www.waitrose.com/ecom/products/waitrose-cashew-nuts/088879-45681-45682,Waitrose Cashew Nuts,150g,£2.25,£1.50/100g,,Dietary & Lifestyle
048440,Tenderstem Broccoli Tips,G,false,547,https://ecom-su-static-prod.wtrecom.com/images/products/3/LN_048440_BP_3.jpg,https://www.waitrose.com/ecom/products/tenderstem-broccoli-tips/048440-24030-24031,Tenderstem Broccoli Tips,125g,£1.25,£10/kg,,Dietary & Lifestyle
489645,Waitrose Lemon Tart,G,false,548,https://ecom-su-static-prod.wtrecom.com/images/products/3/LN_489645_BP_3.jpg,https://www.waitrose.com/ecom/products/waitrose-lemon-tart/489645-209366-209367,Waitrose Lemon Tart,300g,£3.75,£1.25/100g,,Dietary & Lifestyle
844494,Nestlé Shreddies The Original,G,false,549,https://ecom-su-static-prod.wtrecom.com/images/products/3/LN_844494_BP_3.jpg,https://www.waitrose.com/ecom/products/nestle-shreddies-the-original/844494-752835-752836,Nestlé Shreddies The Original,630g,£4.00,63.5p/100g,,Dietary & Lifestyle
054028,Essential Frozen British Petits Pois,G,false,550,https://ecom-su-static-prod.wtrecom.com/images/products/3/LN_054028_BP_3.jpg,https://www.waitrose.com/ecom/products/essential-frozen-british-petits-pois/054028-27093-27094,Essential Frozen British Petits Pois,1.25Kg,£2.10,£1.68/kg,,Dietary & Lifestyle
022538,Essential Sardines in Tomato Sauce,G,false,551,https://ecom-su-static-prod.wtrecom.com/images/products/3/LN_022538_BP_3.jpg,https://www.waitrose.com/ecom/products/essential-sardines-in-tomato-sauce/022538-11001-11002,Essential Sardines in Tomato Sauce,120g,65p,54.2p/100g,,Dietary & Lifestyle
088414,essential Waitrose Loose Clementines/Mandarins,G,false,552,https://ecom-su-static-prod.wtrecom.com/images/products/3/LN_088414_BP_3.jpg,https://www.waitrose.com/ecom/products/essential-waitrose-loose-clementines-mandarins/088414-45365-45366,essential Waitrose Loose Clementines/Mandarins,Typical weight 0.11kg,32p each est.,£2.97/kg,,Dietary & Lifestyle
831533,Waitrose Greek Conservolia & Kalamata Olives with Feta,G,true,553,https://ecom-su-static-prod.wtrecom.com/images/products/3/LN_831533_BP_3.jpg,https://www.waitrose.com/ecom/products/waitrose-greek-conservolia-kalamata-olives-with-feta/831533-202483-202484,Waitrose Greek Conservolia & Kalamata Olives with Feta,145g,£3.75,£2.59/100g,Add 2 for £5.50,Dietary & Lifestyle
078394,Scott's Porage Original Porridge Oats,G,true,554,https://ecom-su-static-prod.wtrecom.com/images/products/3/LN_078394_BP_3.jpg,https://www.waitrose.com/ecom/products/scotts-porage-original-porridge-oats/078394-39911-39912,Scott's Porage Original Porridge Oats,1kg,£2.95,29.5p/100g,Add 2 for £4,Dietary & Lifestyle
085478,Waitrose Mixed Vegetables Selection,G,true,555,https://ecom-su-static-prod.wtrecom.com/images/products/3/LN_085478_BP_3.jpg,https://www.waitrose.com/ecom/products/waitrose-mixed-vegetables-selection/085478-43544-43545,Waitrose Mixed Vegetables Selection,190g,£2.20,£11.58/kg,Add 2 for £3.50,Dietary & Lifestyle
754693,Essential Extra Large Whole Chicken,G,false,556,https://ecom-su-static-prod.wtrecom.com/images/products/3/LN_754693_BP_3.jpg,https://www.waitrose.com/ecom/products/essential-extra-large-whole-chicken/754693-507938-507939,Essential Extra Large Whole Chicken,Typical weight 2.3kg,£6.79 each est.,£2.95/kg,,Dietary & Lifestyle
890094,Biotiful Gut Health Original Kefir Yogurt,G,false,557,https://ecom-su-static-prod.wtrecom.com/images/products/3/LN_890094_BP_3.jpg,https://www.waitrose.com/ecom/products/biotiful-gut-health-original-kefir-yogurt/890094-811076-811077,Biotiful Gut Health Original Kefir Yogurt,350g,£2.00,57.1p/100g,,Dietary & Lifestyle
077513,Cooks' Ingredients Unwaxed Lemons,G,true,558,https://ecom-su-static-prod.wtrecom.com/images/products/3/LN_077513_BP_3.jpg,https://www.waitrose.com/ecom/products/cooks-ingredients-unwaxed-lemons/077513-39428-39429,Cooks' Ingredients Unwaxed Lemons,8s,£2.56,32p each,20% Off. Was £3.20,Dietary & Lifestyle
059869,Waitrose Walnuts,G,false,559,https://ecom-su-static-prod.wtrecom.com/images/products/3/LN_059869_BP_3.jpg,https://www.waitrose.com/ecom/products/waitrose-walnuts/059869-30231-30232,Waitrose Walnuts,400g,£5.95,£14.88/kg,,Dietary & Lifestyle
085562,Duchy Organic Cooked Beetroot,G,false,560,https://ecom-su-static-prod.wtrecom.com/images/products/3/LN_085562_BP_3.jpg,https://www.waitrose.com/ecom/products/duchy-organic-cooked-beetroot/085562-43657-43658,Duchy Organic Cooked Beetroot,250g,£1.25,£5/kg,,Dietary & Lifestyle
079687,No.1 Colombia Reserve Ground Coffee,G,false,561,https://ecom-su-static-prod.wtrecom.com/images/products/3/LN_079687_BP_3.jpg,https://www.waitrose.com/ecom/products/no1-colombia-reserve-ground-coffee/079687-40543-40544,No.1 Colombia Reserve Ground Coffee,227g,£4.00,£1.77/100g,,Dietary & Lifestyle
085413,Waitrose Baby Courgettes,G,false,562,https://ecom-su-static-prod.wtrecom.com/images/products/3/LN_085413_BP_3.jpg,https://www.waitrose.com/ecom/products/waitrose-baby-courgettes/085413-43450-43451,Waitrose Baby Courgettes,200g,£2.00,£10/kg,,Dietary & Lifestyle
395648,Essential Mackerel Fillets in Spring Water,G,false,563,https://ecom-su-static-prod.wtrecom.com/images/products/3/LN_395648_BP_3.jpg,https://www.waitrose.com/ecom/products/essential-mackerel-fillets-in-spring-water/395648-55599-55600,Essential Mackerel Fillets in Spring Water,drained 82g,£1.00,£1.22/100g,,Dietary & Lifestyle
003512,Essential Waitrose Peanuts Roasted & Salted,G,false,564,https://ecom-su-static-prod.wtrecom.com/images/products/3/LN_003512_BP_3.jpg,https://www.waitrose.com/ecom/products/essential-waitrose-peanuts-roasted-salted/003512-1403-1404,Essential Waitrose Peanuts Roasted & Salted,550g,£2.20,40p/100g,,Dietary & Lifestyle
086104,Cooks' Ingredients Chives,G,false,565,https://ecom-su-static-prod.wtrecom.com/images/products/3/LN_086104_BP_3.jpg,https://www.waitrose.com/ecom/products/cooks-ingredients-chives/086104-43927-43928,Cooks' Ingredients Chives,20g,80p,40p/10g,,Dietary & Lifestyle
754411,Waitrose Mixed Berries,G,false,566,https://ecom-su-static-prod.wtrecom.com/images/products/3/LN_754411_BP_3.jpg,https://www.waitrose.com/ecom/products/waitrose-mixed-berries/754411-661985-661986,Waitrose Mixed Berries,190g,£3.10,£16.32/kg,,Dietary & Lifestyle
414961,Bio-tiful Dairy Original Kefir Drink,G,false,567,https://ecom-su-static-prod.wtrecom.com/images/products/3/LN_414961_BP_3.jpg,https://www.waitrose.com/ecom/products/bio-tiful-dairy-original-kefir-drink/414961-743636-743637,Bio-tiful Dairy Original Kefir Drink,1litre,£3.70,37p/100ml,,Dietary & Lifestyle
661559,No.1 British Woodland Mushrooms,G,false,568,https://ecom-su-static-prod.wtrecom.com/images/products/3/LN_661559_BP_3.jpg,https://www.waitrose.com/ecom/products/no1-british-woodland-mushrooms/661559-281807-281808,No.1 British Woodland Mushrooms,200g,£2.65,£13.25/kg,,Dietary & Lifestyle
080127,Rowse Runny Honey Squeezy,G,true,569,https://ecom-su-static-prod.wtrecom.com/images/products/3/LN_080127_BP_3.jpg,https://www.waitrose.com/ecom/products/rowse-runny-honey-squeezy/080127-40743-40744,Rowse Runny Honey Squeezy,340g,£2.00,58.8p/100g,save £1.15. Was £3.15,Dietary & Lifestyle
096944,Duchy Organic Chopped Tomatoes in Juice,G,false,570,https://ecom-su-static-prod.wtrecom.com/images/products/3/LN_096944_BP_3.jpg,https://www.waitrose.com/ecom/products/duchy-organic-chopped-tomatoes-in-juice/096944-49531-49532,Duchy Organic Chopped Tomatoes in Juice,400g,£1.10,£2.75/kg,,Dietary & Lifestyle
893960,Kallo Belgian Milk Chocolate Rice Cake Minis,G,false,571,https://ecom-su-static-prod.wtrecom.com/images/products/3/LN_893960_BP_3.jpg,https://www.waitrose.com/ecom/products/kallo-belgian-milk-chocolate-rice-cake-minis/893960-519159-519160,Kallo Belgian Milk Chocolate Rice Cake Minis,4x21g,£2.60,£3.10/100g,,Dietary & Lifestyle
522872,Waitrose Baby Potatoes,G,true,572,https://ecom-su-static-prod.wtrecom.com/images/products/3/LN_522872_BP_3.jpg,https://www.waitrose.com/ecom/products/waitrose-baby-potatoes/522872-131307-131308,Waitrose Baby Potatoes,200g,£1.20,£6/kg,Add 3 for £3,Dietary & Lifestyle
490314,Waitrose Kiwi Fruit,G,true,573,https://ecom-su-static-prod.wtrecom.com/images/products/3/LN_490314_BP_3.jpg,https://www.waitrose.com/ecom/products/waitrose-kiwi-fruit/490314-586468-586469,Waitrose Kiwi Fruit,4s,£2.20,55p each,Add 2 for £4,Dietary & Lifestyle
009152,Essential Mixed Salad,G,false,574,https://ecom-su-static-prod.wtrecom.com/images/products/3/LN_009152_BP_3.jpg,https://www.waitrose.com/ecom/products/essential-mixed-salad/009152-4409-4410,Essential Mixed Salad,265g,£2.65,£1/100g,,Dietary & Lifestyle
500270,Waitrose Large Onions,G,false,575,https://ecom-su-static-prod.wtrecom.com/images/products/3/LN_500270_BP_3.jpg,https://www.waitrose.com/ecom/products/waitrose-large-onions/500270-575514-575515,Waitrose Large Onions,2s,£1.40,70p each,,Dietary & Lifestyle
041103,Waitrose Multigrain Farmhouse,G,false,576,https://ecom-su-static-prod.wtrecom.com/images/products/3/LN_041103_BP_3.jpg,https://www.waitrose.com/ecom/products/waitrose-multigrain-farmhouse/041103-20316-20317,Waitrose Multigrain Farmhouse,800g,£1.55,19.4p/100g,,Dietary & Lifestyle
027116,Essential Original Blend Decaf 80 Tea Bags,G,false,577,https://ecom-su-static-prod.wtrecom.com/images/products/3/LN_027116_BP_3.jpg,https://www.waitrose.com/ecom/products/essential-original-blend-decaf-80-tea-bags/027116-13177-13178,Essential Original Blend Decaf 80 Tea Bags,250g,£1.75,70p/100g,,Dietary & Lifestyle
035886,Waitrose Perfectly Ripe Green Williams Pears,G,false,578,https://ecom-su-static-prod.wtrecom.com/images/products/3/LN_035886_BP_3.jpg,https://www.waitrose.com/ecom/products/waitrose-perfectly-ripe-green-williams-pears/035886-18030-18031,Waitrose Perfectly Ripe Green Williams Pears,4s,£3.55,88.8p each,,Dietary & Lifestyle
892260,Yakult Original Fat Free Yogurt Drinks,G,false,579,https://ecom-su-static-prod.wtrecom.com/images/products/3/LN_892260_BP_3.jpg,https://www.waitrose.com/ecom/products/yakult-original-fat-free-yogurt-drinks/892260-805168-805169,Yakult Original Fat Free Yogurt Drinks,8x65ml,£3.95,76p/100ml,,Dietary & Lifestyle
095955,"Muller Corner Strawberry, Peach & Apricot Yogurts",G,false,580,https://ecom-su-static-prod.wtrecom.com/images/products/3/LN_095955_BP_3.jpg,https://www.waitrose.com/ecom/products/muller-corner-strawberry-peach-apricot-yogurts/095955-49142-49142,"Muller Corner Strawberry, Peach & Apricot Yogurts",6x136Each,£4.20,51.5p/100g,,Dietary & Lifestyle
044948,Cooks' Ingredients Basil,G,false,581,https://ecom-su-static-prod.wtrecom.com/images/products/3/LN_044948_BP_3.jpg,https://www.waitrose.com/ecom/products/cooks-ingredients-basil/044948-22178-22179,Cooks' Ingredients Basil,100g,£1.65,16.5p/10g,,Dietary & Lifestyle
089853,Muller Corner Milk Chocolate Digestives Yogurt Single,G,true,582,https://ecom-su-static-prod.wtrecom.com/images/products/3/LN_089853_BP_3.jpg,https://www.waitrose.com/ecom/products/muller-corner-milk-chocolate-digestives-yogurt-single/089853-46332-46333,Muller Corner Milk Chocolate Digestives Yogurt Single,124g,95p,76.6p/100g,Add 4 for £2,Dietary & Lifestyle
086113,Cooks' Ingredients Thyme,G,false,583,https://ecom-su-static-prod.wtrecom.com/images/products/3/LN_086113_BP_3.jpg,https://www.waitrose.com/ecom/products/cooks-ingredients-thyme/086113-43941-43942,Cooks' Ingredients Thyme,20g,80p,40p/10g,,Dietary & Lifestyle
457622,Waitrose Ricotta Stuffed Cherry Peppers,G,true,584,https://ecom-su-static-prod.wtrecom.com/images/products/3/LN_457622_BP_3.jpg,https://www.waitrose.com/ecom/products/waitrose-ricotta-stuffed-cherry-peppers/457622-274741-274742,Waitrose Ricotta Stuffed Cherry Peppers,135g,£4.00,£2.97/100g,Add 2 for £5.50,Dietary & Lifestyle
059553,Ocean Spray Cranberry Classic Light,G,true,585,https://ecom-su-static-prod.wtrecom.com/images/products/3/LN_059553_BP_3.jpg,https://www.waitrose.com/ecom/products/ocean-spray-cranberry-classic-light/059553-30026-30027,Ocean Spray Cranberry Classic Light,1litre,£1.45,14.5p/100ml,save 50p. Was £1.95,Dietary & Lifestyle
545873,Alpro Soya Chilled No Sugar Dairy Free Milk Alternative,G,false,586,https://ecom-su-static-prod.wtrecom.com/images/products/3/LN_545873_BP_3.jpg,https://www.waitrose.com/ecom/products/alpro-soya-chilled-no-sugar-dairy-free-milk-alternative/545873-77163-77164,Alpro Soya Chilled No Sugar Dairy Free Milk Alternative,1litre,£2.10,£2.10/litre,,Dietary & Lifestyle
676915,Heinz Tomato Ketchup,G,false,587,https://ecom-su-static-prod.wtrecom.com/images/products/3/LN_676915_BP_3.jpg,https://www.waitrose.com/ecom/products/heinz-tomato-ketchup/676915-769174-769175,Heinz Tomato Ketchup,700g,£3.90,55.7p/100g,,Dietary & Lifestyle
086459,Waitrose French Breakfast Radish,G,false,588,https://ecom-su-static-prod.wtrecom.com/images/products/3/LN_086459_BP_3.jpg,https://www.waitrose.com/ecom/products/waitrose-french-breakfast-radish/086459-44156-44157,Waitrose French Breakfast Radish,150g,£1.40,£9.34/kg,,Dietary & Lifestyle
054326,Essential Frozen Vegetable Mix,G,false,589,https://ecom-su-static-prod.wtrecom.com/images/products/3/LN_054326_BP_3.jpg,https://www.waitrose.com/ecom/products/essential-frozen-vegetable-mix/054326-27277-27278,Essential Frozen Vegetable Mix,750g,£1.20,£1.60/kg,,Dietary & Lifestyle
011005,Fage Total 0% Fat Free Natural Greek Yogurt,G,true,590,https://ecom-su-static-prod.wtrecom.com/images/products/3/LN_011005_BP_3.jpg,https://www.waitrose.com/ecom/products/fage-total-0-fat-free-natural-greek-yogurt/011005-5448-5449,Fage Total 0% Fat Free Natural Greek Yogurt,450g,£3.00,66.7p/100g,save 70p. Was £3.70,Dietary & Lifestyle
086224,Cooks' Ingredients Mixed Thai Chillies,G,false,591,https://ecom-su-static-prod.wtrecom.com/images/products/3/LN_086224_BP_3.jpg,https://www.waitrose.com/ecom/products/cooks-ingredients-mixed-thai-chillies/086224-44050-44051,Cooks' Ingredients Mixed Thai Chillies,30g,£1.00,£33.34/kg,,Dietary & Lifestyle
432291,Wholemeal Heyford,G,false,592,https://ecom-su-static-prod.wtrecom.com/images/products/3/LN_432291_BP_3.jpg,https://www.waitrose.com/ecom/products/wholemeal-heyford/432291-60813-60814,Wholemeal Heyford,800g,£2.00,25p/100g,,Dietary & Lifestyle
450621,Waitrose Richly Fruited Mini Hot Cross Buns,G,false,593,https://ecom-su-static-prod.wtrecom.com/images/products/3/LN_450621_BP_3.jpg,https://www.waitrose.com/ecom/products/waitrose-richly-fruited-mini-hot-cross-buns/450621-794910-794911,Waitrose Richly Fruited Mini Hot Cross Buns,9s,£1.95,21.7p each,,Dietary & Lifestyle
085305,Duchy Organic Garlic,G,false,594,https://ecom-su-static-prod.wtrecom.com/images/products/3/LN_085305_BP_3.jpg,https://www.waitrose.com/ecom/products/duchy-organic-garlic/085305-43382-43383,Duchy Organic Garlic,3s,£1.15,38.3p each,,Dietary & Lifestyle
519316,Essential Reduced Fat Creme Fraiche,G,false,595,https://ecom-su-static-prod.wtrecom.com/images/products/3/LN_519316_BP_3.jpg,https://www.waitrose.com/ecom/products/essential-reduced-fat-creme-fraiche/519316-73433-73434,Essential Reduced Fat Creme Fraiche,300ml,£1.00,33.3p/100ml,,Dietary & Lifestyle
058188,Muller Light Smooth Toffee Yogurt Single,G,true,596,https://ecom-su-static-prod.wtrecom.com/images/products/3/LN_058188_BP_3.jpg,https://www.waitrose.com/ecom/products/muller-light-smooth-toffee-yogurt-single/058188-29237-29238,Muller Light Smooth Toffee Yogurt Single,160g,95p,59.4p/100g,Add 4 for £2,Dietary & Lifestyle
610264,Waitrose Smoked Haddock Fillets MSC,G,false,597,https://ecom-su-static-prod.wtrecom.com/images/products/3/LN_610264_BP_3.jpg,https://www.waitrose.com/ecom/products/waitrose-smoked-haddock-fillets-msc/610264-525688-525689,Waitrose Smoked Haddock Fillets MSC,240g,£5.75,£23.96/kg,,Dietary & Lifestyle
020130,Essential Peach Slices in Grape Juice,G,false,598,https://ecom-su-static-prod.wtrecom.com/images/products/3/LN_020130_BP_3.jpg,https://www.waitrose.com/ecom/products/essential-peach-slices-in-grape-juice/020130-9799-9800,Essential Peach Slices in Grape Juice,drained 248g,£1.15,£4.64/kg,,Dietary & Lifestyle
537587,Waitrose Wholewheat Fusilli,G,false,599,https://ecom-su-static-prod.wtrecom.com/images/products/3/LN_537587_BP_3.jpg,https://www.waitrose.com/ecom/products/waitrose-wholewheat-fusilli/537587-76026-76027,Waitrose Wholewheat Fusilli,500g,£1.75,£3.50/kg,,Dietary & Lifestyle
449022,Waitrose Mixed Seeds,G,false,600,https://ecom-su-static-prod.wtrecom.com/images/products/3/LN_449022_BP_3.jpg,https://www.waitrose.com/ecom/products/waitrose-mixed-seeds/449022-491915-491916,Waitrose Mixed Seeds,250g,£2.75,£1.10/100g,,Dietary & Lifestyle
502863,Solero Red Berries Ice cream Lolly,G,true,601,https://ecom-su-static-prod.wtrecom.com/images/products/3/LN_502863_BP_3.jpg,https://www.waitrose.com/ecom/products/solero-red-berries-ice-cream-lolly/502863-721955-721956,Solero Red Berries Ice cream Lolly,270ml,£2.75,£1.02/100ml,Add 2 for £4,Dietary & Lifestyle
009774,Waitrose Belgian Milk Chocolate,G,false,602,https://ecom-su-static-prod.wtrecom.com/images/products/3/LN_009774_BP_3.jpg,https://www.waitrose.com/ecom/products/waitrose-belgian-milk-chocolate/009774-4831-4832,Waitrose Belgian Milk Chocolate,180g,£2.20,£1.23/100g,,Dietary & Lifestyle
019830,Essential Sweetcorn,G,false,603,https://ecom-su-static-prod.wtrecom.com/images/products/3/LN_019830_BP_3.jpg,https://www.waitrose.com/ecom/products/essential-sweetcorn/019830-9660-9661,Essential Sweetcorn,drained 260g,£1.00,£3.85/kg,,Dietary & Lifestyle
096999,Actimel Immunity Blueberry Live Yogurt Drinks,G,false,604,https://ecom-su-static-prod.wtrecom.com/images/products/3/LN_096999_BP_3.jpg,https://www.waitrose.com/ecom/products/actimel-immunity-blueberry-live-yogurt-drinks/096999-49545-49546,Actimel Immunity Blueberry Live Yogurt Drinks,8x100g,£3.95,49.4p/100g,,Dietary & Lifestyle
508304,Arla Lactofree Lactose Free Skimmed Milk Alternative,G,false,605,https://ecom-su-static-prod.wtrecom.com/images/products/3/LN_508304_BP_3.jpg,https://www.waitrose.com/ecom/products/arla-lactofree-lactose-free-skimmed-milk-alternative/508304-274763-274764,Arla Lactofree Lactose Free Skimmed Milk Alternative,1litre,£1.95,£1.95/litre,,Dietary & Lifestyle
501386,The Coconut Collab Natural Coconut Yogurt Alternative,G,true,606,https://ecom-su-static-prod.wtrecom.com/images/products/3/LN_501386_BP_3.jpg,https://www.waitrose.com/ecom/products/the-coconut-collab-natural-coconut-yogurt-alternative/501386-405600-405601,The Coconut Collab Natural Coconut Yogurt Alternative,350g,£2.00,57.1p/100g,save 65p. Was £2.65,Dietary & Lifestyle
882928,Biomel Belgian Dark Chocolate Milk Alternative Shot,G,false,607,https://ecom-su-static-prod.wtrecom.com/images/products/3/LN_882928_BP_3.jpg,https://www.waitrose.com/ecom/products/biomel-belgian-dark-chocolate-milk-alternative-shot/882928-668669-668670,Biomel Belgian Dark Chocolate Milk Alternative Shot,125ml,£1.25,£1/100ml,,Dietary & Lifestyle
686552,Waitrose Rough Oatcakes,G,false,608,https://ecom-su-static-prod.wtrecom.com/images/products/3/LN_686552_BP_3.jpg,https://www.waitrose.com/ecom/products/waitrose-rough-oatcakes/686552-328306-328307,Waitrose Rough Oatcakes,250g,£1.00,40p/100g,,Dietary & Lifestyle
010432,Waitrose 6 Breaded Haddock Fingers,G,true,609,https://ecom-su-static-prod.wtrecom.com/images/products/3/LN_010432_BP_3.jpg,https://www.waitrose.com/ecom/products/waitrose-6-breaded-haddock-fingers/010432-5212-5213,Waitrose 6 Breaded Haddock Fingers,330g,£2.85,£8.64/kg,25% Off. Was £3.80,Dietary & Lifestyle
021518,Waitrose Medjool Dates,G,false,610,https://ecom-su-static-prod.wtrecom.com/images/products/3/LN_021518_BP_3.jpg,https://www.waitrose.com/ecom/products/waitrose-medjool-dates/021518-10512-10513,Waitrose Medjool Dates,400g,£4.60,£11.50/kg,,Dietary & Lifestyle
688871,Tilda Basmati & Wild Wholegrain Rice,G,true,611,https://ecom-su-static-prod.wtrecom.com/images/products/3/LN_688871_BP_3.jpg,https://www.waitrose.com/ecom/products/tilda-basmati-wild-wholegrain-rice/688871-408748-408749,Tilda Basmati & Wild Wholegrain Rice,250g,£1.00,£4/kg,save 85p. Was £1.85,Dietary & Lifestyle
024381,Oatly Oat Milk Long Life Organic Original Milk Alternative,G,true,612,https://ecom-su-static-prod.wtrecom.com/images/products/3/LN_024381_BP_3.jpg,https://www.waitrose.com/ecom/products/oatly-oat-milk-long-life-organic-original-milk-alternative/024381-11826-11827,Oatly Oat Milk Long Life Organic Original Milk Alternative,1litre,£1.50,£1.50/litre,save 75p. Was £2.25,Dietary & Lifestyle
733520,"Essential Carrot, Swede & Potato Mash",G,false,613,https://ecom-su-static-prod.wtrecom.com/images/products/3/LN_733520_BP_3.jpg,https://www.waitrose.com/ecom/products/essential-carrot-swede-potato-mash/733520-677470-677471,"Essential Carrot, Swede & Potato Mash",400g,£1.50,£3.75/kg,,Dietary & Lifestyle
085714,Duchy Organic White Cup Mushrooms,G,false,614,https://ecom-su-static-prod.wtrecom.com/images/products/3/LN_085714_BP_3.jpg,https://www.waitrose.com/ecom/products/duchy-organic-white-cup-mushrooms/085714-43734-43735,Duchy Organic White Cup Mushrooms,250g,£1.30,£5.20/kg,,Dietary & Lifestyle
603075,Lancashire Farm Authentic Paneer Soft Cheese,G,false,615,https://ecom-su-static-prod.wtrecom.com/images/products/3/LN_603075_BP_3.jpg,https://www.waitrose.com/ecom/products/lancashire-farm-authentic-paneer-soft-cheese/603075-319592-319593,Lancashire Farm Authentic Paneer Soft Cheese,226g,£2.10,£9.30/kg,,Dietary & Lifestyle
438276,Alpro Soya Blueberry & Cherry Dairy Free Yogurt Alternative,G,false,616,https://ecom-su-static-prod.wtrecom.com/images/products/3/LN_438276_BP_3.jpg,https://www.waitrose.com/ecom/products/alpro-soya-blueberry-cherry-dairy-free-yogurt-alternative/438276-61684-61684,Alpro Soya Blueberry & Cherry Dairy Free Yogurt Alternative,4x125g,£2.65,53p/100g,,Dietary & Lifestyle
021355,Waitrose Pressed Apple & Mango Juice,G,false,617,https://ecom-su-static-prod.wtrecom.com/images/products/3/LN_021355_BP_3.jpg,https://www.waitrose.com/ecom/products/waitrose-pressed-apple-mango-juice/021355-10421-10422,Waitrose Pressed Apple & Mango Juice,1litre,£2.10,21p/100ml,,Dietary & Lifestyle
029888,Waitrose Roast Chicken Thighs,G,false,618,https://ecom-su-static-prod.wtrecom.com/images/products/3/LN_029888_BP_3.jpg,https://www.waitrose.com/ecom/products/waitrose-roast-chicken-thighs/029888-14577-14578,Waitrose Roast Chicken Thighs,435g,£4.00,92p/100g,,Dietary & Lifestyle
783167,Activia Cherry No Added Sugar Gut Health Yogurt Multipack,G,true,619,https://ecom-su-static-prod.wtrecom.com/images/products/3/LN_783167_BP_3.jpg,https://www.waitrose.com/ecom/products/activia-cherry-no-added-sugar-gut-health-yogurt-multipack/783167-690830-690831,Activia Cherry No Added Sugar Gut Health Yogurt Multipack,4x115g,£1.75,38p/100g,save 90p. Was £2.65,Dietary & Lifestyle
079646,Mixed Romano Peppers,G,false,620,https://ecom-su-static-prod.wtrecom.com/images/products/3/LN_079646_BP_3.jpg,https://www.waitrose.com/ecom/products/mixed-romano-peppers/079646-40527-40528,Mixed Romano Peppers,200g,£2.75,£13.75/kg,,Dietary & Lifestyle
029142,Heinz Classic Cream of Tomato Soup,G,true,621,https://ecom-su-static-prod.wtrecom.com/images/products/3/LN_029142_BP_3.jpg,https://www.waitrose.com/ecom/products/heinz-classic-cream-of-tomato-soup/029142-14209-14210,Heinz Classic Cream of Tomato Soup,400g,£1.75,43.8p/100g,Add 3 for £4.50,Dietary & Lifestyle
612711,No.1 Free Range Corn Fed Chicken Breast Fillets 4,G,false,622,https://ecom-su-static-prod.wtrecom.com/images/products/3/LN_612711_BP_3.jpg,https://www.waitrose.com/ecom/products/no1-free-range-corn-fed-chicken-breast-fillets-4/612711-661767-661768,No.1 Free Range Corn Fed Chicken Breast Fillets 4,Typical weight 0.6kg,£11.97 each est.,£19.95/kg,,Dietary & Lifestyle
063388,"Duchy Organic Chicken Thighs, Skin-on & Bone-in",G,false,623,https://ecom-su-static-prod.wtrecom.com/images/products/3/LN_063388_BP_3.jpg,https://www.waitrose.com/ecom/products/duchy-organic-chicken-thighs-skin-on-bone-in/063388-32185-32186,"Duchy Organic Chicken Thighs, Skin-on & Bone-in",Typical weight 0.61kg,£7.17 each est.,£11.75/kg,,Dietary & Lifestyle
055051,Essential Wholemeal Medium Sliced Bread,G,false,624,https://ecom-su-static-prod.wtrecom.com/images/products/3/LN_055051_BP_3.jpg,https://www.waitrose.com/ecom/products/essential-wholemeal-medium-sliced-bread/055051-27670-27671,Essential Wholemeal Medium Sliced Bread,800g,75p,9.4p/100g,,Dietary & Lifestyle
652224,Waitrose Blush Pears,G,false,625,https://ecom-su-static-prod.wtrecom.com/images/products/3/LN_652224_BP_3.jpg,https://www.waitrose.com/ecom/products/waitrose-blush-pears/652224-459790-459791,Waitrose Blush Pears,4s,£2.25,56.3p each,,Dietary & Lifestyle
521800,Duchy Organic Tenderstem Broccoli,G,false,626,https://ecom-su-static-prod.wtrecom.com/images/products/3/LN_521800_BP_3.jpg,https://www.waitrose.com/ecom/products/duchy-organic-tenderstem-broccoli/521800-73782-73783,Duchy Organic Tenderstem Broccoli,200g,£2.65,£13.25/kg,,Dietary & Lifestyle
487205,Activia Peach No Added Sugar Gut Health Yogurt Multipack,G,true,627,https://ecom-su-static-prod.wtrecom.com/images/products/3/LN_487205_BP_3.jpg,https://www.waitrose.com/ecom/products/activia-peach-no-added-sugar-gut-health-yogurt-multipack/487205-690782-690783,Activia Peach No Added Sugar Gut Health Yogurt Multipack,4x115g,£1.75,38p/100g,save 90p. Was £2.65,Dietary & Lifestyle
034106,Essential Sunflower Oil,G,false,628,https://ecom-su-static-prod.wtrecom.com/images/products/3/LN_034106_BP_3.jpg,https://www.waitrose.com/ecom/products/essential-sunflower-oil/034106-17065-17066,Essential Sunflower Oil,1litre,£2.30,23p/100ml,,Dietary & Lifestyle
063194,Waitrose Mashed Potato,G,false,629,https://ecom-su-static-prod.wtrecom.com/images/products/3/LN_063194_BP_3.jpg,https://www.waitrose.com/ecom/products/waitrose-mashed-potato/063194-32091-32092,Waitrose Mashed Potato,450g,£2.60,£5.78/kg,,Dietary & Lifestyle
802374,Essential Tomato and Mascarpone Sauce,G,false,630,https://ecom-su-static-prod.wtrecom.com/images/products/3/LN_802374_BP_3.jpg,https://www.waitrose.com/ecom/products/essential-tomato-and-mascarpone-sauce/802374-211776-211777,Essential Tomato and Mascarpone Sauce,350g,£1.95,55.7p/100g,,Dietary & Lifestyle
893300,"Deliciously Ella Gluten Free & Vegan Apple, Raisin Oat Bars",G,false,631,https://ecom-su-static-prod.wtrecom.com/images/products/3/LN_893300_BP_3.jpg,https://www.waitrose.com/ecom/products/deliciously-ella-gluten-free-vegan-apple-raisin-oat-bars/893300-695286-695287,"Deliciously Ella Gluten Free & Vegan Apple, Raisin Oat Bars",3x50g,£2.80,£1.87/100g,,Dietary & Lifestyle
869724,Crosta & Mollica 2 Frozen Margherita Sourdough Pizzas,G,true,632,https://ecom-su-static-prod.wtrecom.com/images/products/3/LN_869724_BP_3.jpg,https://www.waitrose.com/ecom/products/crosta-mollica-2-frozen-margherita-sourdough-pizzas/869724-753264-753265,Crosta & Mollica 2 Frozen Margherita Sourdough Pizzas,436g,£4.20,£9.64/kg,20% Off. Was £5.25,Dietary & Lifestyle
757112,Waitrose Mixed Pepper Stir Fry,G,true,633,https://ecom-su-static-prod.wtrecom.com/images/products/3/LN_757112_BP_3.jpg,https://www.waitrose.com/ecom/products/waitrose-mixed-pepper-stir-fry/757112-107711-107712,Waitrose Mixed Pepper Stir Fry,300g,£1.60,£5.34/kg,"£7 Stir Fry Meal Deal: Add protein, veg, sauce & rice or noodles",Dietary & Lifestyle
078030,Cooks' Ingredients Green Chillies,G,false,634,https://ecom-su-static-prod.wtrecom.com/images/products/3/LN_078030_BP_3.jpg,https://www.waitrose.com/ecom/products/cooks-ingredients-green-chillies/078030-39701-39702,Cooks' Ingredients Green Chillies,50g,65p,£1.30/100g,,Dietary & Lifestyle
010343,Duchy Organic Skimmed Milk 4 pints,G,false,635,https://ecom-su-static-prod.wtrecom.com/images/products/3/LN_010343_BP_3.jpg,https://www.waitrose.com/ecom/products/duchy-organic-skimmed-milk-4-pints/010343-5164-5165,Duchy Organic Skimmed Milk 4 pints,2.272litre,£2.25,99p/litre,,Dietary & Lifestyle
048879,Essential Reduced Fat Houmous,G,false,636,https://ecom-su-static-prod.wtrecom.com/images/products/3/LN_048879_BP_3.jpg,https://www.waitrose.com/ecom/products/essential-reduced-fat-houmous/048879-24324-24325,Essential Reduced Fat Houmous,200g,£1.45,72.5p/100g,,Dietary & Lifestyle
526403,Bold Bean Co Queen Butter Beans,G,true,637,https://ecom-su-static-prod.wtrecom.com/images/products/3/LN_526403_BP_3.jpg,https://www.waitrose.com/ecom/products/bold-bean-co-queen-butter-beans/526403-780577-780578,Bold Bean Co Queen Butter Beans,700g,£4.00,£8/kg,Add 2 for £6,Dietary & Lifestyle
567131,Yeo Valley Mango & Passionfruit Organic Kefir Yogurt,G,false,638,https://ecom-su-static-prod.wtrecom.com/images/products/3/LN_567131_BP_3.jpg,https://www.waitrose.com/ecom/products/yeo-valley-mango-passionfruit-organic-kefir-yogurt/567131-673601-673602,Yeo Valley Mango & Passionfruit Organic Kefir Yogurt,350g,£2.10,60p/100g,,Dietary & Lifestyle
062241,Waitrose Mixed Nuts,G,false,639,https://ecom-su-static-prod.wtrecom.com/images/products/3/LN_062241_BP_3.jpg,https://www.waitrose.com/ecom/products/waitrose-mixed-nuts/062241-31581-31582,Waitrose Mixed Nuts,400g,£6.00,£15/kg,,Dietary & Lifestyle
068436,Waitrose Semi Skimmed Goats Milk,G,false,640,https://ecom-su-static-prod.wtrecom.com/images/products/3/LN_068436_BP_3.jpg,https://www.waitrose.com/ecom/products/waitrose-semi-skimmed-goats-milk/068436-34739-34740,Waitrose Semi Skimmed Goats Milk,1litre,£2.25,£2.25/litre,,Dietary & Lifestyle
749886,Waitrose Albacore Tuna & Olive Oil,G,false,641,https://ecom-su-static-prod.wtrecom.com/images/products/3/LN_749886_BP_3.jpg,https://www.waitrose.com/ecom/products/waitrose-albacore-tuna-olive-oil/749886-106646-106647,Waitrose Albacore Tuna & Olive Oil,drained 150g,£3.65,£2.44/100g,,Dietary & Lifestyle
067332,Waitrose Cooked Tikka Chicken Pieces,G,true,642,https://ecom-su-static-prod.wtrecom.com/images/products/3/LN_067332_BP_3.jpg,https://www.waitrose.com/ecom/products/waitrose-cooked-tikka-chicken-pieces/067332-34153-34154,Waitrose Cooked Tikka Chicken Pieces,120g,£3.25,£2.71/100g,Add 2 for £5.50,Dietary & Lifestyle
834832,Higgidy Smoked Bacon & Mature Cheddar Quiche,G,false,643,https://ecom-su-static-prod.wtrecom.com/images/products/3/LN_834832_BP_3.jpg,https://www.waitrose.com/ecom/products/higgidy-smoked-bacon-mature-cheddar-quiche/834832-687533-687534,Higgidy Smoked Bacon & Mature Cheddar Quiche,400g,£4.85,£1.22/100g,,Dietary & Lifestyle
033956,Tyrrell's Veg Crisps with Sea Salt,G,false,644,https://ecom-su-static-prod.wtrecom.com/images/products/3/LN_033956_BP_3.jpg,https://www.waitrose.com/ecom/products/tyrrells-veg-crisps-with-sea-salt/033956-16995-16996,Tyrrell's Veg Crisps with Sea Salt,125g,£2.90,£2.32/100g,,Dietary & Lifestyle
068091,Essential Chicken Breast Fillets,G,false,645,https://ecom-su-static-prod.wtrecom.com/images/products/3/LN_068091_BP_3.jpg,https://www.waitrose.com/ecom/products/essential-chicken-breast-fillets/068091-34551-34552,Essential Chicken Breast Fillets,1Kg,£9.50,£9.50/kg,,Dietary & Lifestyle
093238,"No.1 Free Range Corn Fed Chicken Thighs, Skin-on & Bone-in",G,false,646,https://ecom-su-static-prod.wtrecom.com/images/products/3/LN_093238_BP_3.jpg,https://www.waitrose.com/ecom/products/no1-free-range-corn-fed-chicken-thighs-skin-on-bone-in/093238-47898-47899,"No.1 Free Range Corn Fed Chicken Thighs, Skin-on & Bone-in",Typical weight 0.58kg,£4.50 each est.,£7.75/kg,,Dietary & Lifestyle
421564,Essential Coconut Cream,G,false,647,https://ecom-su-static-prod.wtrecom.com/images/products/3/LN_421564_BP_3.jpg,https://www.waitrose.com/ecom/products/essential-coconut-cream/421564-59308-59309,Essential Coconut Cream,160ml,£1.00,62.5p/100ml,,Dietary & Lifestyle
658308,Waitrose Roast Chicken Breast Fillets 4,G,false,648,https://ecom-su-static-prod.wtrecom.com/images/products/3/LN_658308_BP_3.jpg,https://www.waitrose.com/ecom/products/waitrose-roast-chicken-breast-fillets-4/658308-93481-93482,Waitrose Roast Chicken Breast Fillets 4,Typical weight 440g,£7.81 each est.,£1.78/100g,,Dietary & Lifestyle
097256,Twister Mini Ice Cream Lollies,G,true,649,https://ecom-su-static-prod.wtrecom.com/images/products/3/LN_097256_BP_3.jpg,https://www.waitrose.com/ecom/products/twister-mini-ice-cream-lollies/097256-426846-49656,Twister Mini Ice Cream Lollies,6x50ml,£2.70,90p/100ml,Add 2 for £4,Dietary & Lifestyle
848526,Waitrose Greek Kalamata Olives,G,true,650,https://ecom-su-static-prod.wtrecom.com/images/products/3/LN_848526_BP_3.jpg,https://www.waitrose.com/ecom/products/waitrose-greek-kalamata-olives/848526-676376-676377,Waitrose Greek Kalamata Olives,145g,£3.75,£2.59/100g,Add 2 for £5.50,Dietary & Lifestyle
383333,Essential Frozen Chicken Steaks 4,G,false,651,https://ecom-su-static-prod.wtrecom.com/images/products/3/LN_383333_BP_3.jpg,https://www.waitrose.com/ecom/products/essential-frozen-chicken-steaks-4/383333-53901-53902,Essential Frozen Chicken Steaks 4,380g,£2.50,£6.58/kg,,Dietary & Lifestyle
039425,Waitrose Full Cream Goats Milk,G,false,652,https://ecom-su-static-prod.wtrecom.com/images/products/3/LN_039425_BP_3.jpg,https://www.waitrose.com/ecom/products/waitrose-full-cream-goats-milk/039425-19537-19538,Waitrose Full Cream Goats Milk,1litre,£2.25,£2.25/litre,,Dietary & Lifestyle
088112,Essential Loose Plums,G,false,653,https://ecom-su-static-prod.wtrecom.com/images/products/3/LN_088112_BP_3.jpg,https://www.waitrose.com/ecom/products/essential-loose-plums/088112-45097-45098,Essential Loose Plums,Typical weight 0.09kg,37p each est.,£4.00/kg,,Dietary & Lifestyle
864671,Minor Figures Oat Barista Dairy Free Standard Milk Alternative,G,false,654,https://ecom-su-static-prod.wtrecom.com/images/products/3/LN_864671_BP_3.jpg,https://www.waitrose.com/ecom/products/minor-figures-oat-barista-dairy-free-standard-milk-alternative/864671-731725-731726,Minor Figures Oat Barista Dairy Free Standard Milk Alternative,1litre,£2.10,£2.10/litre,,Dietary & Lifestyle
849898,Waitrose Spanish Manzanilla Olives & Manchego,G,true,655,https://ecom-su-static-prod.wtrecom.com/images/products/3/LN_849898_BP_3.jpg,https://www.waitrose.com/ecom/products/waitrose-spanish-manzanilla-olives-manchego/849898-202499-202500,Waitrose Spanish Manzanilla Olives & Manchego,150g,£3.75,£2.50/100g,Add 2 for £5.50,Dietary & Lifestyle
612898,Waitrose Caramelised Onion Houmous,G,true,656,https://ecom-su-static-prod.wtrecom.com/images/products/3/LN_612898_BP_3.jpg,https://www.waitrose.com/ecom/products/waitrose-caramelised-onion-houmous/612898-86949-86950,Waitrose Caramelised Onion Houmous,200g,£1.75,87.5p/100g,Add 2 for £2.50,Dietary & Lifestyle
779973,Waitrose Stonebaked Garlic Mushroom & Spinach Pizza,G,false,657,https://ecom-su-static-prod.wtrecom.com/images/products/3/LN_779973_BP_3.jpg,https://www.waitrose.com/ecom/products/waitrose-stonebaked-garlic-mushroom-spinach-pizza/779973-662017-662018,Waitrose Stonebaked Garlic Mushroom & Spinach Pizza,395g,£4.95,£12.54/kg,,Dietary & Lifestyle
895796,Waitrose Wholemeal Farmhouse Thick Sliced,G,false,658,https://ecom-su-static-prod.wtrecom.com/images/products/3/LN_895796_BP_3.jpg,https://www.waitrose.com/ecom/products/waitrose-wholemeal-farmhouse-thick-sliced/895796-382498-382499,Waitrose Wholemeal Farmhouse Thick Sliced,400g,£1.10,27.5p/100g,,Dietary & Lifestyle
686299,"Activia Mango, Strawberry, Kiwi & Apricot Gut Health Yogurt Multipack",G,false,659,https://ecom-su-static-prod.wtrecom.com/images/products/3/LN_686299_BP_3.jpg,https://www.waitrose.com/ecom/products/activia-mango-strawberry-kiwi-apricot-gut-health-yogurt-multipack/686299-690812-690812,"Activia Mango, Strawberry, Kiwi & Apricot Gut Health Yogurt Multipack",8x115g,£4.40,47.8p/100g,,Dietary & Lifestyle
592448,Alpro Soya No Sugar Dairy Free Yogurt Alternative,G,true,660,https://ecom-su-static-prod.wtrecom.com/images/products/3/LN_592448_BP_3.jpg,https://www.waitrose.com/ecom/products/alpro-soya-no-sugar-dairy-free-yogurt-alternative/592448-657697-657698,Alpro Soya No Sugar Dairy Free Yogurt Alternative,500g,£1.50,30p/100g,save 70p. Was £2.20,Dietary & Lifestyle
086108,Cooks' Ingredients Tarragon,G,false,661,https://ecom-su-static-prod.wtrecom.com/images/products/3/LN_086108_BP_3.jpg,https://www.waitrose.com/ecom/products/cooks-ingredients-tarragon/086108-43933-43934,Cooks' Ingredients Tarragon,20g,80p,40p/10g,,Dietary & Lifestyle
401884,Waitrose Dolce Verde Lettuce Hearts,G,false,662,https://ecom-su-static-prod.wtrecom.com/images/products/3/LN_401884_BP_3.jpg,https://www.waitrose.com/ecom/products/waitrose-dolce-verde-lettuce-hearts/401884-133775-133776,Waitrose Dolce Verde Lettuce Hearts,2s,£1.95,97.5p each,,Dietary & Lifestyle
539800,Waitrose Filtered British Free Range Whole Milk,G,false,663,https://ecom-su-static-prod.wtrecom.com/images/products/3/LN_539800_BP_3.jpg,https://www.waitrose.com/ecom/products/waitrose-filtered-british-free-range-whole-milk/539800-443726-443727,Waitrose Filtered British Free Range Whole Milk,2litre,£1.90,95p/litre,,Dietary & Lifestyle
780614,Waitrose Fresh Tagliatelle,G,false,664,https://ecom-su-static-prod.wtrecom.com/images/products/3/LN_780614_BP_3.jpg,https://www.waitrose.com/ecom/products/waitrose-fresh-tagliatelle/780614-793272-793273,Waitrose Fresh Tagliatelle,500g,£2.30,46p/100g,,Dietary & Lifestyle
043859,Actimel Immunity Strawberry Flavour Live Yogurt Drinks,G,false,665,https://ecom-su-static-prod.wtrecom.com/images/products/3/LN_043859_BP_3.jpg,https://www.waitrose.com/ecom/products/actimel-immunity-strawberry-flavour-live-yogurt-drinks/043859-21618-21619,Actimel Immunity Strawberry Flavour Live Yogurt Drinks,8x100g,£3.95,49.4p/100g,,Dietary & Lifestyle
478610,Charlie Bigham's Moussaka for 1,G,true,666,https://ecom-su-static-prod.wtrecom.com/images/products/3/LN_478610_BP_3.jpg,https://www.waitrose.com/ecom/products/charlie-bighams-moussaka-for-1/478610-425819-425820,Charlie Bigham's Moussaka for 1,340g,£6.00,£17.65/kg,Add 2 for £11,Dietary & Lifestyle
087720,Waitrose Cooked Chicken Breast Slices,G,false,667,https://ecom-su-static-prod.wtrecom.com/images/products/3/LN_087720_BP_3.jpg,https://www.waitrose.com/ecom/products/waitrose-cooked-chicken-breast-slices/087720-44852-44853,Waitrose Cooked Chicken Breast Slices,200g,£4.25,£2.13/100g,,Dietary & Lifestyle
806238,Strong Roots Oven Baked Sweet Potato Fries,G,true,668,https://ecom-su-static-prod.wtrecom.com/images/products/3/LN_806238_BP_3.jpg,https://www.waitrose.com/ecom/products/strong-roots-oven-baked-sweet-potato-fries/806238-568250-568251,Strong Roots Oven Baked Sweet Potato Fries,500g,£2.85,£5.70/kg,25% Off. Was £3.85,Dietary & Lifestyle
799684,Innocent Pure Apple Fruit Juice,G,false,669,https://ecom-su-static-prod.wtrecom.com/images/products/3/LN_799684_BP_3.jpg,https://www.waitrose.com/ecom/products/innocent-pure-apple-fruit-juice/799684-124280-124281,Innocent Pure Apple Fruit Juice,900ml,£3.15,35p/100ml,,Dietary & Lifestyle
028052,Waitrose Pumpkin Seeds,G,false,670,https://ecom-su-static-prod.wtrecom.com/images/products/3/LN_028052_BP_3.jpg,https://www.waitrose.com/ecom/products/waitrose-pumpkin-seeds/028052-13648-13649,Waitrose Pumpkin Seeds,200g,£2.25,£1.13/100g,,Dietary & Lifestyle
483297,The Collective Cultured Kefir Natural Yogurt,G,false,671,https://ecom-su-static-prod.wtrecom.com/images/products/3/LN_483297_BP_3.jpg,https://www.waitrose.com/ecom/products/the-collective-cultured-kefir-natural-yogurt/483297-677232-677233,The Collective Cultured Kefir Natural Yogurt,400g,£2.75,68.8p/100g,,Dietary & Lifestyle
619273,Essential Frozen Raw King Prawns,G,false,672,https://ecom-su-static-prod.wtrecom.com/images/products/3/LN_619273_BP_3.jpg,https://www.waitrose.com/ecom/products/essential-frozen-raw-king-prawns/619273-236256-236257,Essential Frozen Raw King Prawns,250g,£5.00,£20/kg,,Dietary & Lifestyle
628183,Arla Lactofree Lactose Free Mature Cheddar Cheese,G,false,673,https://ecom-su-static-prod.wtrecom.com/images/products/3/LN_628183_BP_3.jpg,https://www.waitrose.com/ecom/products/arla-lactofree-lactose-free-mature-cheddar-cheese/628183-89148-89149,Arla Lactofree Lactose Free Mature Cheddar Cheese,200g,£2.65,£13.25/kg,,Dietary & Lifestyle
497775,Waitrose Roasted Beetroot & Mint Houmous,G,true,674,https://ecom-su-static-prod.wtrecom.com/images/products/3/LN_497775_BP_3.jpg,https://www.waitrose.com/ecom/products/waitrose-roasted-beetroot-mint-houmous/497775-724855-724856,Waitrose Roasted Beetroot & Mint Houmous,200g,£1.75,87.5p/100g,Add 2 for £2.50,Dietary & Lifestyle
035051,Essential Soya Original Milk Alternative,G,false,675,https://ecom-su-static-prod.wtrecom.com/images/products/3/LN_035051_BP_3.jpg,https://www.waitrose.com/ecom/products/essential-soya-original-milk-alternative/035051-17661-17662,Essential Soya Original Milk Alternative,1litre,£1.10,£1.10/litre,,Dietary & Lifestyle
092908,Duchy Organic Frozen Petits Pois,G,false,676,https://ecom-su-static-prod.wtrecom.com/images/products/3/LN_092908_BP_3.jpg,https://www.waitrose.com/ecom/products/duchy-organic-frozen-petits-pois/092908-47755-47756,Duchy Organic Frozen Petits Pois,500g,£2.25,£4.50/kg,,Dietary & Lifestyle
731996,The Tofoo Co. Smoked Tofu,G,false,677,https://ecom-su-static-prod.wtrecom.com/images/products/3/LN_731996_BP_3.jpg,https://www.waitrose.com/ecom/products/the-tofoo-co-smoked-tofu/731996-583874-583875,The Tofoo Co. Smoked Tofu,225g,£3.00,£13.34/kg,,Dietary & Lifestyle
857133,Magnum Mini Double Caramel Chocolate Ice Cream Sticks,G,false,678,https://ecom-su-static-prod.wtrecom.com/images/products/3/LN_857133_BP_3.jpg,https://www.waitrose.com/ecom/products/magnum-mini-double-caramel-chocolate-ice-cream-sticks/857133-493306-493306,Magnum Mini Double Caramel Chocolate Ice Cream Sticks,6x55ml,£4.75,£1.44/100ml,,Dietary & Lifestyle
593887,Waitrose British Venison Frying Steak,G,true,679,https://ecom-su-static-prod.wtrecom.com/images/products/3/LN_593887_BP_3.jpg,https://www.waitrose.com/ecom/products/waitrose-british-venison-frying-steak/593887-702855-702856,Waitrose British Venison Frying Steak,135g,£5.00,£37.04/kg,Add 3 for £12,Dietary & Lifestyle
092131,Duchy Organic Jumbo Rolled Oats,G,false,680,https://ecom-su-static-prod.wtrecom.com/images/products/3/LN_092131_BP_3.jpg,https://www.waitrose.com/ecom/products/duchy-organic-jumbo-rolled-oats/092131-47410-47411,Duchy Organic Jumbo Rolled Oats,1kg,£2.75,27.5p/100g,,Dietary & Lifestyle
088793,Duchy Organic Medjool Dates,G,false,681,https://ecom-su-static-prod.wtrecom.com/images/products/3/LN_088793_BP_3.jpg,https://www.waitrose.com/ecom/products/duchy-organic-medjool-dates/088793-45627-45628,Duchy Organic Medjool Dates,180g,£2.90,£16.12/kg,,Dietary & Lifestyle
566073,Essential Wholemeal Giant Baps,G,false,682,https://ecom-su-static-prod.wtrecom.com/images/products/3/LN_566073_BP_3.jpg,https://www.waitrose.com/ecom/products/essential-wholemeal-giant-baps/566073-80200-80201,Essential Wholemeal Giant Baps,4s,90p,22.5p each,,Dietary & Lifestyle
577147,Waitrose Breaded Chunky Haddock,G,false,683,https://ecom-su-static-prod.wtrecom.com/images/products/3/LN_577147_BP_3.jpg,https://www.waitrose.com/ecom/products/waitrose-breaded-chunky-haddock/577147-689188-689189,Waitrose Breaded Chunky Haddock,350g,£4.75,£13.58/kg,,Dietary & Lifestyle
560403,Waitrose MSC Tuna Steak in Olive Oil,G,false,684,https://ecom-su-static-prod.wtrecom.com/images/products/3/LN_560403_BP_3.jpg,https://www.waitrose.com/ecom/products/waitrose-msc-tuna-steak-in-olive-oil/560403-729690-729691,Waitrose MSC Tuna Steak in Olive Oil,4x200g,£7.00,£1.17/100g,,Dietary & Lifestyle
618227,Waitrose Speciality Radish,G,false,685,https://ecom-su-static-prod.wtrecom.com/images/products/3/LN_618227_BP_3.jpg,https://www.waitrose.com/ecom/products/waitrose-speciality-radish/618227-197968-197969,Waitrose Speciality Radish,150g,£1.25,£8.34/kg,,Dietary & Lifestyle
482030,Essential British Turkey Breast Strips,G,true,686,https://ecom-su-static-prod.wtrecom.com/images/products/3/LN_482030_BP_3.jpg,https://www.waitrose.com/ecom/products/essential-british-turkey-breast-strips/482030-586462-586463,Essential British Turkey Breast Strips,300g,£4.20,£14/kg,"£7 Stir Fry Meal Deal: Add protein, veg, sauce & rice or noodles",Dietary & Lifestyle
648405,Limited Selection Tomatoes,G,false,687,https://ecom-su-static-prod.wtrecom.com/images/products/3/LN_648405_BP_3.jpg,https://www.waitrose.com/ecom/products/limited-selection-tomatoes/648405-337019-337020,Limited Selection Tomatoes,750g,£3.50,£4.67/kg,,Dietary & Lifestyle
704974,Essential Wonderfully Wonky Potatoes,G,false,688,https://ecom-su-static-prod.wtrecom.com/images/products/3/LN_704974_BP_3.jpg,https://www.waitrose.com/ecom/products/essential-wonderfully-wonky-potatoes/704974-486934-486935,Essential Wonderfully Wonky Potatoes,3Kg,£1.60,53.3p/kg,,Dietary & Lifestyle
648428,Waitrose Wholewheat Spaghetti,G,false,689,https://ecom-su-static-prod.wtrecom.com/images/products/3/LN_648428_BP_3.jpg,https://www.waitrose.com/ecom/products/waitrose-wholewheat-spaghetti/648428-92038-92039,Waitrose Wholewheat Spaghetti,500g,£1.75,£3.50/kg,,Dietary & Lifestyle
707178,"Activia Strawberry, Raspberry, Cherry & Blueberry No Added Sugar Gut Health Yogurt Multipack",G,false,690,https://ecom-su-static-prod.wtrecom.com/images/products/3/LN_707178_BP_3.jpg,https://www.waitrose.com/ecom/products/activia-strawberry-raspberry-cherry-blueberry-no-added-sugar-gut-health-yogurt-multipack/707178-690817-690817,"Activia Strawberry, Raspberry, Cherry & Blueberry No Added Sugar Gut Health Yogurt Multipack",8x115g,£4.40,47.8p/100g,,Dietary & Lifestyle
052189,Duchy Organic Baby Plum Tomatoes,G,false,691,https://ecom-su-static-prod.wtrecom.com/images/products/3/LN_052189_BP_3.jpg,https://www.waitrose.com/ecom/products/duchy-organic-baby-plum-tomatoes/052189-25988-25989,Duchy Organic Baby Plum Tomatoes,225g,£2.30,£10.23/kg,,Dietary & Lifestyle
020110,Essential Apricot Halves in Fruit Juice,G,false,692,https://ecom-su-static-prod.wtrecom.com/images/products/3/LN_020110_BP_3.jpg,https://www.waitrose.com/ecom/products/essential-apricot-halves-in-fruit-juice/020110-9787-9788,Essential Apricot Halves in Fruit Juice,drained 240g,£1.15,£4.80/kg,,Dietary & Lifestyle
427343,Essential Cooked Peeled Prawns,G,false,693,https://ecom-su-static-prod.wtrecom.com/images/products/3/LN_427343_BP_3.jpg,https://www.waitrose.com/ecom/products/essential-cooked-peeled-prawns/427343-152273-152274,Essential Cooked Peeled Prawns,150g,£2.95,£1.97/100g,,Dietary & Lifestyle
762708,"Waitrose Rice, Quinoa & Vegetable Stir Fry",G,true,694,https://ecom-su-static-prod.wtrecom.com/images/products/3/LN_762708_BP_3.jpg,https://www.waitrose.com/ecom/products/waitrose-rice-quinoa-vegetable-stir-fry/762708-550255-550256,"Waitrose Rice, Quinoa & Vegetable Stir Fry",300g,£2.30,76.7p/100g,"£7 Stir Fry Meal Deal: Add protein, veg, sauce & rice or noodles",Dietary & Lifestyle
873037,Borough Broth Organic Free Range Chicken Bone Broth,G,false,695,https://ecom-su-static-prod.wtrecom.com/images/products/3/LN_873037_BP_3.jpg,https://www.waitrose.com/ecom/products/borough-broth-organic-free-range-chicken-bone-broth/873037-812693-812694,Borough Broth Organic Free Range Chicken Bone Broth,324g,£5.00,,,Dietary & Lifestyle
085707,Waitrose Flat Portabella Mushrooms,G,false,696,https://ecom-su-static-prod.wtrecom.com/images/products/3/LN_085707_BP_3.jpg,https://www.waitrose.com/ecom/products/waitrose-flat-portabella-mushrooms/085707-43730-43731,Waitrose Flat Portabella Mushrooms,,£5.00,per kg,,Dietary & Lifestyle
822621,Cooks' Ingredients Frozen Chopped Shallots,G,false,697,https://ecom-su-static-prod.wtrecom.com/images/products/3/LN_822621_BP_3.jpg,https://www.waitrose.com/ecom/products/cooks-ingredients-frozen-chopped-shallots/822621-673433-673434,Cooks' Ingredients Frozen Chopped Shallots,300g,£1.50,£5/kg,,Dietary & Lifestyle
019023,Heinz Baked Beans Small,G,false,698,https://ecom-su-static-prod.wtrecom.com/images/products/3/LN_019023_BP_3.jpg,https://www.waitrose.com/ecom/products/heinz-baked-beans-small/019023-9177-9178,Heinz Baked Beans Small,150g,80p,£5.34/kg,,Dietary & Lifestyle
019527,Essential Borlotti Beans,G,false,699,https://ecom-su-static-prod.wtrecom.com/images/products/3/LN_019527_BP_3.jpg,https://www.waitrose.com/ecom/products/essential-borlotti-beans/019527-9457-9458,Essential Borlotti Beans,drained 240g,70p,£2.92/kg,,Dietary & Lifestyle
001305,Weetabix 48 pack,G,false,700,https://ecom-su-static-prod.wtrecom.com/images/products/3/LN_001305_BP_3.jpg,https://www.waitrose.com/ecom/products/weetabix-48-pack/001305-216-217,Weetabix 48 pack,48s,£5.80,12.1p each,,Dietary & Lifestyle
602832,Activia Fusion Blueberry Acai Gut Health Yogurts,G,false,701,https://ecom-su-static-prod.wtrecom.com/images/products/3/LN_602832_BP_3.jpg,https://www.waitrose.com/ecom/products/activia-fusion-blueberry-acai-gut-health-yogurts/602832-760584-760585,Activia Fusion Blueberry Acai Gut Health Yogurts,4x120g,£3.00,62.5p/100g,,Dietary & Lifestyle
088892,Waitrose Pecans,G,false,702,https://ecom-su-static-prod.wtrecom.com/images/products/3/LN_088892_BP_3.jpg,https://www.waitrose.com/ecom/products/waitrose-pecans/088892-45693-45694,Waitrose Pecans,150g,£2.95,£1.97/100g,,Dietary & Lifestyle
739508,Activia Vanilla No Added Sugar Gut Health Yogurt Multipack,G,true,703,https://ecom-su-static-prod.wtrecom.com/images/products/3/LN_739508_BP_3.jpg,https://www.waitrose.com/ecom/products/activia-vanilla-no-added-sugar-gut-health-yogurt-multipack/739508-690822-690823,Activia Vanilla No Added Sugar Gut Health Yogurt Multipack,4x115g,£1.75,38p/100g,save 90p. Was £2.65,Dietary & Lifestyle
700301,Essential Reduced Fat Coconut Milk,G,false,704,https://ecom-su-static-prod.wtrecom.com/images/products/3/LN_700301_BP_3.jpg,https://www.waitrose.com/ecom/products/essential-reduced-fat-coconut-milk/700301-99404-99405,Essential Reduced Fat Coconut Milk,400ml,£1.10,£2.75/litre,,Dietary & Lifestyle
855633,No. 1 Fat Free Strained Natural Greek Yogurt,G,false,705,https://ecom-su-static-prod.wtrecom.com/images/products/3/LN_855633_BP_3.jpg,https://www.waitrose.com/ecom/products/no-1-fat-free-strained-natural-greek-yogurt/855633-291842-291843,No. 1 Fat Free Strained Natural Greek Yogurt,500g,£2.35,47p/100g,,Dietary & Lifestyle
006659,Duchy Organic Frozen Garden Peas,G,false,706,https://ecom-su-static-prod.wtrecom.com/images/products/3/LN_006659_BP_3.jpg,https://www.waitrose.com/ecom/products/duchy-organic-frozen-garden-peas/006659-2957-2958,Duchy Organic Frozen Garden Peas,500g,£2.00,£4/kg,,Dietary & Lifestyle
551539,Muller Bliss Marscapone Style Cherry Yogurts,G,false,707,https://ecom-su-static-prod.wtrecom.com/images/products/3/LN_551539_BP_3.jpg,https://www.waitrose.com/ecom/products/muller-bliss-marscapone-style-cherry-yogurts/551539-807046-807047,Muller Bliss Marscapone Style Cherry Yogurts,4x100g,£2.85,71.3p/100g,,Dietary & Lifestyle
617325,Alpro Plain Soya Dairy Free Greek Style Yogurt Alternative,G,true,708,https://ecom-su-static-prod.wtrecom.com/images/products/3/LN_617325_BP_3.jpg,https://www.waitrose.com/ecom/products/alpro-plain-soya-dairy-free-greek-style-yogurt-alternative/617325-560619-560620,Alpro Plain Soya Dairy Free Greek Style Yogurt Alternative,400g,£1.50,37.5p/100g,save 70p. Was £2.20,Dietary & Lifestyle
686452,Waitrose Whole leaf Kale,G,false,709,https://ecom-su-static-prod.wtrecom.com/images/products/3/LN_686452_BP_3.jpg,https://www.waitrose.com/ecom/products/waitrose-whole-leaf-kale/686452-97503-97504,Waitrose Whole leaf Kale,150g,£1.65,£11/kg,,Dietary & Lifestyle
020404,Essential Mandarin Orange in Fruit Juice,G,false,710,https://ecom-su-static-prod.wtrecom.com/images/products/3/LN_020404_BP_3.jpg,https://www.waitrose.com/ecom/products/essential-mandarin-orange-in-fruit-juice/020404-9929-9930,Essential Mandarin Orange in Fruit Juice,drained 175g,£1.10,£6.29/kg,,Dietary & Lifestyle
075216,Quaker Rolled Porridge Oats,G,true,711,https://ecom-su-static-prod.wtrecom.com/images/products/3/LN_075216_BP_3.jpg,https://www.waitrose.com/ecom/products/quaker-rolled-porridge-oats/075216-38158-38159,Quaker Rolled Porridge Oats,1kg,£2.95,29.5p/100g,Add 2 for £4,Dietary & Lifestyle
561731,Rude Health Almond Long Life Organic Milk Alternative,G,false,712,https://ecom-su-static-prod.wtrecom.com/images/products/3/LN_561731_BP_3.jpg,https://www.waitrose.com/ecom/products/rude-health-almond-long-life-organic-milk-alternative/561731-287703-287704,Rude Health Almond Long Life Organic Milk Alternative,1litre,£2.40,£2.40/litre,,Dietary & Lifestyle
810992,"Higgidy Spinach, Feta & Red Pepper Quiche",G,false,713,https://ecom-su-static-prod.wtrecom.com/images/products/3/LN_810992_BP_3.jpg,https://www.waitrose.com/ecom/products/higgidy-spinach-feta-red-pepper-quiche/810992-687279-687280,"Higgidy Spinach, Feta & Red Pepper Quiche",400g,£4.85,£1.22/100g,,Dietary & Lifestyle
036786,Duchy Organic Plum Tomatoes in Natural Juice,G,false,714,https://ecom-su-static-prod.wtrecom.com/images/products/3/LN_036786_BP_3.jpg,https://www.waitrose.com/ecom/products/duchy-organic-plum-tomatoes-in-natural-juice/036786-18418-18419,Duchy Organic Plum Tomatoes in Natural Juice,400g,£1.10,£2.75/kg,,Dietary & Lifestyle
088318,Waitrose Melon Slices,G,true,715,https://ecom-su-static-prod.wtrecom.com/images/products/3/LN_088318_BP_3.jpg,https://www.waitrose.com/ecom/products/waitrose-melon-slices/088318-428616-45286,Waitrose Melon Slices,280g,£2.70,96.4p/100g,£8 Chicken Dinner Meal Deal: Add 1 Main & 2 Extras,Dietary & Lifestyle
888118,Waitrose 8 Seeded Tortilla Wraps,G,false,716,https://ecom-su-static-prod.wtrecom.com/images/products/3/LN_888118_BP_3.jpg,https://www.waitrose.com/ecom/products/waitrose-8-seeded-tortilla-wraps/888118-256005-256006,Waitrose 8 Seeded Tortilla Wraps,8s,£1.50,29.3p/100g,,Dietary & Lifestyle
815967,Cooks' Ingredients Coriander Pot,G,false,717,https://ecom-su-static-prod.wtrecom.com/images/products/3/LN_815967_BP_3.jpg,https://www.waitrose.com/ecom/products/cooks-ingredients-coriander-pot/815967-160825-160826,Cooks' Ingredients Coriander Pot,Each,£1.70,£1.70 each,,Dietary & Lifestyle
031512,Essential Garlic Baguette,G,false,718,https://ecom-su-static-prod.wtrecom.com/images/products/3/LN_031512_BP_3.jpg,https://www.waitrose.com/ecom/products/essential-garlic-baguette/031512-15351-15352,Essential Garlic Baguette,210g,£1.15,54.8p/100g,,Dietary & Lifestyle
040760,Essential Peas,G,false,719,https://ecom-su-static-prod.wtrecom.com/images/products/3/LN_040760_BP_3.jpg,https://www.waitrose.com/ecom/products/essential-peas/040760-20134-20135,Essential Peas,500g,£2.50,£5/kg,,Dietary & Lifestyle
088428,Waitrose White Grapefruit,G,false,720,https://ecom-su-static-prod.wtrecom.com/images/products/3/LN_088428_BP_3.jpg,https://www.waitrose.com/ecom/products/waitrose-white-grapefruit/088428-45379-45380,Waitrose White Grapefruit,Each,60p,60p each,,Dietary & Lifestyle
850571,Vadasz Raw Kimchi,G,true,721,https://ecom-su-static-prod.wtrecom.com/images/products/3/LN_850571_BP_3.jpg,https://www.waitrose.com/ecom/products/vadasz-raw-kimchi/850571-707684-707685,Vadasz Raw Kimchi,400g,£3.56,89p/100g,25% Off. Was £4.75,Dietary & Lifestyle
686739,Charlie Bigham's Chicken Tikka Masala Curry & Pilau Rice For 1,G,true,722,https://ecom-su-static-prod.wtrecom.com/images/products/3/LN_686739_BP_3.jpg,https://www.waitrose.com/ecom/products/charlie-bighams-chicken-tikka-masala-curry-pilau-rice-for-1/686739-690336-690337,Charlie Bigham's Chicken Tikka Masala Curry & Pilau Rice For 1,403g,£6.00,£14.89/kg,Add 2 for £11,Dietary & Lifestyle
878980,Bold Bean Co Queen Chick Peas,G,true,723,https://ecom-su-static-prod.wtrecom.com/images/products/3/LN_878980_BP_3.jpg,https://www.waitrose.com/ecom/products/bold-bean-co-queen-chick-peas/878980-780933-780934,Bold Bean Co Queen Chick Peas,700g,£4.00,£8/kg,Add 2 for £6,Dietary & Lifestyle
086441,Waitrose Chinese Leaf,G,false,724,https://ecom-su-static-prod.wtrecom.com/images/products/3/LN_086441_BP_3.jpg,https://www.waitrose.com/ecom/products/waitrose-chinese-leaf/086441-44142-44143,Waitrose Chinese Leaf,Each,£1.55,£1.55 each,,Dietary & Lifestyle
076332,Dorset Cereals Gloriously Nutty Muesli Cereal,G,false,725,https://ecom-su-static-prod.wtrecom.com/images/products/3/LN_076332_BP_3.jpg,https://www.waitrose.com/ecom/products/dorset-cereals-gloriously-nutty-muesli-cereal/076332-38772-38773,Dorset Cereals Gloriously Nutty Muesli Cereal,500g,£4.20,84p/100g,,Dietary & Lifestyle
817130,Waitrose Spinach & Ricotta Ravioli,G,false,726,https://ecom-su-static-prod.wtrecom.com/images/products/3/LN_817130_BP_3.jpg,https://www.waitrose.com/ecom/products/waitrose-spinach-ricotta-ravioli/817130-793282-793283,Waitrose Spinach & Ricotta Ravioli,310g,£3.60,£11.62/kg,,Dietary & Lifestyle
566899,Gran Luchito Tortilla Chips Lightly Salted,G,false,727,https://ecom-su-static-prod.wtrecom.com/images/products/3/LN_566899_BP_3.jpg,https://www.waitrose.com/ecom/products/gran-luchito-tortilla-chips-lightly-salted/566899-702777-702778,Gran Luchito Tortilla Chips Lightly Salted,170g,£2.80,£1.65/100g,,Dietary & Lifestyle
058554,Duchy Organic Pears,G,false,728,https://ecom-su-static-prod.wtrecom.com/images/products/3/LN_058554_BP_3.jpg,https://www.waitrose.com/ecom/products/duchy-organic-pears/058554-29463-29464,Duchy Organic Pears,4s,£3.15,78.8p each,,Dietary & Lifestyle
710236,Proper Chips Lentil Chips Sea Salt,G,true,729,https://ecom-su-static-prod.wtrecom.com/images/products/3/LN_710236_BP_3.jpg,https://www.waitrose.com/ecom/products/proper-chips-lentil-chips-sea-salt/710236-719694-719695,Proper Chips Lentil Chips Sea Salt,85g,£1.25,£1.48/100g,save 75p. Was £2.00,Dietary & Lifestyle
010098,Duchy Organic Kiwi Fruit,G,true,730,https://ecom-su-static-prod.wtrecom.com/images/products/3/LN_010098_BP_3.jpg,https://www.waitrose.com/ecom/products/duchy-organic-kiwi-fruit/010098-5022-5023,Duchy Organic Kiwi Fruit,4s,£2.36,59p each,20% Off. Was £2.95,Dietary & Lifestyle
550278,Waitrose Tikka Marinated Chicken Breast Chunks,G,true,731,https://ecom-su-static-prod.wtrecom.com/images/products/3/LN_550278_BP_3.jpg,https://www.waitrose.com/ecom/products/waitrose-tikka-marinated-chicken-breast-chunks/550278-293931-293932,Waitrose Tikka Marinated Chicken Breast Chunks,300g,£4.50,£15/kg,Add 3 for £12,Dietary & Lifestyle
649530,Plenish Oat Milk Long Life Unsweetened Organic Milk Alternative,G,false,732,https://ecom-su-static-prod.wtrecom.com/images/products/3/LN_649530_BP_3.jpg,https://www.waitrose.com/ecom/products/plenish-oat-milk-long-life-unsweetened-organic-milk-alternative/649530-677406-677407,Plenish Oat Milk Long Life Unsweetened Organic Milk Alternative,1litre,£2.35,£2.35/litre,,Dietary & Lifestyle
593719,Essential Mackerel Fillets in Tomato Sauce,G,false,733,https://ecom-su-static-prod.wtrecom.com/images/products/3/LN_593719_BP_3.jpg,https://www.waitrose.com/ecom/products/essential-mackerel-fillets-in-tomato-sauce/593719-84155-84156,Essential Mackerel Fillets in Tomato Sauce,125g,£1.00,80p/100g,,Dietary & Lifestyle
020208,Essential Pear Halves in Fruit Juice,G,false,734,https://ecom-su-static-prod.wtrecom.com/images/products/3/LN_020208_BP_3.jpg,https://www.waitrose.com/ecom/products/essential-pear-halves-in-fruit-juice/020208-9839-9840,Essential Pear Halves in Fruit Juice,drained 240g,£1.15,£4.80/kg,,Dietary & Lifestyle
086418,Waitrose Chicory,G,false,735,https://ecom-su-static-prod.wtrecom.com/images/products/3/LN_086418_BP_3.jpg,https://www.waitrose.com/ecom/products/waitrose-chicory/086418-44126-44127,Waitrose Chicory,250g,£1.95,£7.80/kg,,Dietary & Lifestyle
810097,Waitrose 2 Breaded Haddock Fillets,G,false,736,https://ecom-su-static-prod.wtrecom.com/images/products/3/LN_810097_BP_3.jpg,https://www.waitrose.com/ecom/products/waitrose-2-breaded-haddock-fillets/810097-239605-239606,Waitrose 2 Breaded Haddock Fillets,300g,£4.00,£1.34/100g,,Dietary & Lifestyle
016766,Waitrose Tiramisu,G,true,737,https://ecom-su-static-prod.wtrecom.com/images/products/3/LN_016766_BP_3.jpg,https://www.waitrose.com/ecom/products/waitrose-tiramisu/016766-8067-8068,Waitrose Tiramisu,500g,£2.55,51p/100g,25% Off. Was £3.40,Dietary & Lifestyle
086119,Cooks' Ingredients Rosemary,G,false,738,https://ecom-su-static-prod.wtrecom.com/images/products/3/LN_086119_BP_3.jpg,https://www.waitrose.com/ecom/products/cooks-ingredients-rosemary/086119-43949-43950,Cooks' Ingredients Rosemary,20g,80p,40p/10g,,Dietary & Lifestyle
493465,Arla Protein Raspberry Yogurt,G,false,739,https://ecom-su-static-prod.wtrecom.com/images/products/3/LN_493465_BP_3.jpg,https://www.waitrose.com/ecom/products/arla-protein-raspberry-yogurt/493465-810907-810908,Arla Protein Raspberry Yogurt,200g,£1.30,65p/100g,,Dietary & Lifestyle
083840,Waitrose 2 Lightly Smoked Salmon Fillets,G,false,740,https://ecom-su-static-prod.wtrecom.com/images/products/3/LN_083840_BP_3.jpg,https://www.waitrose.com/ecom/products/waitrose-2-lightly-smoked-salmon-fillets/083840-42576-42577,Waitrose 2 Lightly Smoked Salmon Fillets,240g,£7.95,£33.13/kg,,Dietary & Lifestyle
014342,Essential Crème Caramel,G,false,741,https://ecom-su-static-prod.wtrecom.com/images/products/3/LN_014342_BP_3.jpg,https://www.waitrose.com/ecom/products/essential-creme-caramel/014342-6886-6887,Essential Crème Caramel,4x100g,£1.35,33.8p/100g,,Dietary & Lifestyle
008512,Waitrose Golden Granulated Sugar,G,false,742,https://ecom-su-static-prod.wtrecom.com/images/products/3/LN_008512_BP_3.jpg,https://www.waitrose.com/ecom/products/waitrose-golden-granulated-sugar/008512-4051-4052,Waitrose Golden Granulated Sugar,1kg,£2.50,£2.50/kg,,Dietary & Lifestyle
672777,BEAR Yo Yos Strawberry,G,true,743,https://ecom-su-static-prod.wtrecom.com/images/products/3/LN_672777_BP_3.jpg,https://www.waitrose.com/ecom/products/bear-yo-yos-strawberry/672777-95522-95523,BEAR Yo Yos Strawberry,5s,£2.00,40p each,save 85p. Was £2.85,Dietary & Lifestyle
513876,Waitrose Smoked Haddock Fishcakes Cheddar & Leek Sauce,G,true,744,https://ecom-su-static-prod.wtrecom.com/images/products/3/LN_513876_BP_3.jpg,https://www.waitrose.com/ecom/products/waitrose-smoked-haddock-fishcakes-cheddar-leek-sauce/513876-661621-661622,Waitrose Smoked Haddock Fishcakes Cheddar & Leek Sauce,290g,£4.25,£14.66/kg,Add 3 for £12,Dietary & Lifestyle
836549,Waitrose Frozen Cooked & Peeled Prawns MSC,G,true,745,https://ecom-su-static-prod.wtrecom.com/images/products/3/LN_836549_BP_3.jpg,https://www.waitrose.com/ecom/products/waitrose-frozen-cooked-peeled-prawns-msc/836549-653359-653360,Waitrose Frozen Cooked & Peeled Prawns MSC,250g,£5.50,£22/kg,Add 2 for £8,Dietary & Lifestyle
385029,Waitrose Millionaire Bites,G,true,746,https://ecom-su-static-prod.wtrecom.com/images/products/3/LN_385029_BP_3.jpg,https://www.waitrose.com/ecom/products/waitrose-millionaire-bites/385029-127297-127298,Waitrose Millionaire Bites,288g,£3.50,£1.22/100g,Add 2 for £6,Dietary & Lifestyle
085306,Duchy Organic Romaine Lettuce,G,false,747,https://ecom-su-static-prod.wtrecom.com/images/products/3/LN_085306_BP_3.jpg,https://www.waitrose.com/ecom/products/duchy-organic-romaine-lettuce/085306-43384-43385,Duchy Organic Romaine Lettuce,Each,£1.75,£1.75 each,,Dietary & Lifestyle
850319,Isey Skyr Strawberry Icelandic High Protein Fat Free Yogurt,G,false,748,https://ecom-su-static-prod.wtrecom.com/images/products/3/LN_850319_BP_3.jpg,https://www.waitrose.com/ecom/products/isey-skyr-strawberry-icelandic-high-protein-fat-free-yogurt/850319-507991-507992,Isey Skyr Strawberry Icelandic High Protein Fat Free Yogurt,170g,£1.50,88.2p/100g,,Dietary & Lifestyle
083752,Waitrose Couscous & Roasted Vegetable Salad,G,false,749,https://ecom-su-static-prod.wtrecom.com/images/products/3/LN_083752_BP_3.jpg,https://www.waitrose.com/ecom/products/waitrose-couscous-roasted-vegetable-salad/083752-42509-42510,Waitrose Couscous & Roasted Vegetable Salad,200g,£2.50,£1.25/100g,,Dietary & Lifestyle
585727,Waitrose Summer 2 Chilli Halloumi Burgers,G,true,750,https://ecom-su-static-prod.wtrecom.com/images/products/3/LN_585727_BP_3.jpg,https://www.waitrose.com/ecom/products/waitrose-summer-2-chilli-halloumi-burgers/585727-780243-780244,Waitrose Summer 2 Chilli Halloumi Burgers,250g,£4.25,£17/kg,Add 3 for £12,Dietary & Lifestyle
430348,Real Olive Co. Wild Garlic & Basil Olives,G,true,751,https://ecom-su-static-prod.wtrecom.com/images/products/3/LN_430348_BP_3.jpg,https://www.waitrose.com/ecom/products/real-olive-co-wild-garlic-basil-olives/430348-420125-420126,Real Olive Co. Wild Garlic & Basil Olives,150g,£2.76,£1.84/100g,20% Off. Was £3.45,Dietary & Lifestyle
004602,Essential Pure Set Honey,G,false,752,https://ecom-su-static-prod.wtrecom.com/images/products/3/LN_004602_BP_3.jpg,https://www.waitrose.com/ecom/products/essential-pure-set-honey/004602-1949-1950,Essential Pure Set Honey,454g,£1.75,38.5p/100g,,Dietary & Lifestyle
821642,Waitrose Mediterranean Nocellara Kalamata & Gordal Olives,G,true,753,https://ecom-su-static-prod.wtrecom.com/images/products/3/LN_821642_BP_3.jpg,https://www.waitrose.com/ecom/products/waitrose-mediterranean-nocellara-kalamata-gordal-olives/821642-739580-739581,Waitrose Mediterranean Nocellara Kalamata & Gordal Olives,145g,£3.75,£2.59/100g,Add 2 for £5.50,Dietary & Lifestyle
085218,Essential Savoy Cabbage,G,false,754,https://ecom-su-static-prod.wtrecom.com/images/products/3/LN_085218_BP_3.jpg,https://www.waitrose.com/ecom/products/essential-savoy-cabbage/085218-43291-43292,Essential Savoy Cabbage,Each,£1.00,£1 each,,Dietary & Lifestyle
445432,Waitrose Golden Delicious Apples,G,false,755,https://ecom-su-static-prod.wtrecom.com/images/products/3/LN_445432_BP_3.jpg,https://www.waitrose.com/ecom/products/waitrose-golden-delicious-apples/445432-405548-405549,Waitrose Golden Delicious Apples,4s,£1.90,47.5p each,,Dietary & Lifestyle
083834,Bollinger Special Cuvée Brut NV,W,true,756,https://ecom-su-static-prod.wtrecom.com/images/products/3/LN_083834_BP_3.jpg,https://www.waitrose.com/ecom/products/bollinger-special-cuvee-brut-nv/083834-42568-42569,Bollinger Special Cuvée Brut NV,75cl,£42.99,£42.99/75cl,save £15.00. Was £57.99,Dietary & Lifestyle
831973,Calippo Mini Orange & Lemon-Lime Ice Cream Lollies,G,true,757,https://ecom-su-static-prod.wtrecom.com/images/products/3/LN_831973_BP_3.jpg,https://www.waitrose.com/ecom/products/calippo-mini-orange-lemon-lime-ice-cream-lollies/831973-688722-688723,Calippo Mini Orange & Lemon-Lime Ice Cream Lollies,5x80ml,£2.75,68.8p/100ml,Add 2 for £4,Dietary & Lifestyle
688058,Heineken 0.0% Alcohol Free Lager Beer Can 6PK,G,false,758,https://ecom-su-static-prod.wtrecom.com/images/products/3/LN_688058_BP_3.jpg,https://www.waitrose.com/ecom/products/heineken-00-alcohol-free-lager-beer-can-6pk/688058-662866-662867,Heineken 0.0% Alcohol Free Lager Beer Can 6PK,6x330ml,£5.50,27.8p/100ml,,Dietary & Lifestyle
078250,Duchy Organic Whole Chicken,G,true,759,https://ecom-su-static-prod.wtrecom.com/images/products/3/LN_078250_BP_3.jpg,https://www.waitrose.com/ecom/products/duchy-organic-whole-chicken/078250-39829-39830,Duchy Organic Whole Chicken,Typical weight 1.45kg,£12.77 each est.,£8.81/kg,25% Off. Was £17.03,Dietary & Lifestyle
085013,Waitrose Large Red Potatoes,G,false,760,https://ecom-su-static-prod.wtrecom.com/images/products/3/LN_085013_BP_3.jpg,https://www.waitrose.com/ecom/products/waitrose-large-red-potatoes/085013-43113-43114,Waitrose Large Red Potatoes,,£1.80,per kg,,Dietary & Lifestyle
022537,Essential Sardines in Sunflower Oil,G,false,761,https://ecom-su-static-prod.wtrecom.com/images/products/3/LN_022537_BP_3.jpg,https://www.waitrose.com/ecom/products/essential-sardines-in-sunflower-oil/022537-10999-11000,Essential Sardines in Sunflower Oil,drained 84g,65p,77.4p/100g,,Dietary & Lifestyle
054331,Essential Frozen British Chunky Vegetable Mix,G,false,762,https://ecom-su-static-prod.wtrecom.com/images/products/3/LN_054331_BP_3.jpg,https://www.waitrose.com/ecom/products/essential-frozen-british-chunky-vegetable-mix/054331-27281-27282,Essential Frozen British Chunky Vegetable Mix,750g,£1.40,£1.87/kg,,Dietary & Lifestyle
632546,Waitrose Free From Gluten Sliced Seeded Cob,G,false,763,https://ecom-su-static-prod.wtrecom.com/images/products/3/LN_632546_BP_3.jpg,https://www.waitrose.com/ecom/products/waitrose-free-from-gluten-sliced-seeded-cob/632546-678133-678134,Waitrose Free From Gluten Sliced Seeded Cob,375g,£3.10,82.7p/100g,,Dietary & Lifestyle
889439,Moma Oat Barista Dairy Free Milk Alternative,G,false,764,https://ecom-su-static-prod.wtrecom.com/images/products/3/LN_889439_BP_3.jpg,https://www.waitrose.com/ecom/products/moma-oat-barista-dairy-free-milk-alternative/889439-731739-731740,Moma Oat Barista Dairy Free Milk Alternative,1litre,£2.20,£2.20/litre,,Dietary & Lifestyle
006211,Essential Plain White Flour,G,false,765,https://ecom-su-static-prod.wtrecom.com/images/products/3/LN_006211_BP_3.jpg,https://www.waitrose.com/ecom/products/essential-plain-white-flour/006211-2726-2727,Essential Plain White Flour,500g,50p,£1/kg,,Dietary & Lifestyle
770913,Waitrose Cooked Lemon And Herb Chicken Pieces,G,true,766,https://ecom-su-static-prod.wtrecom.com/images/products/3/LN_770913_BP_3.jpg,https://www.waitrose.com/ecom/products/waitrose-cooked-lemon-and-herb-chicken-pieces/770913-109671-109672,Waitrose Cooked Lemon And Herb Chicken Pieces,120g,£3.25,£2.71/100g,Add 2 for £5.50,Dietary & Lifestyle
629162,Waitrose Chinese 6 Vegetable Spring Rolls,G,true,767,https://ecom-su-static-prod.wtrecom.com/images/products/3/LN_629162_BP_3.jpg,https://www.waitrose.com/ecom/products/waitrose-chinese-6-vegetable-spring-rolls/629162-170824-170825,Waitrose Chinese 6 Vegetable Spring Rolls,216g,£2.90,£13.43/kg,£12 South East & East Asian Meal Deal : Add 2 Mains & 2 Sides,Dietary & Lifestyle
711113,Kellogg's Corn Flakes Breakfast Cereal,G,false,768,https://ecom-su-static-prod.wtrecom.com/images/products/3/LN_711113_BP_3.jpg,https://www.waitrose.com/ecom/products/kelloggs-corn-flakes-breakfast-cereal/711113-772642-772643,Kellogg's Corn Flakes Breakfast Cereal,450g,£2.35,52.2p/100g,,Dietary & Lifestyle
722160,Magnum Double Raspberry Ice Cream Stick,G,true,769,https://ecom-su-static-prod.wtrecom.com/images/products/3/LN_722160_BP_3.jpg,https://www.waitrose.com/ecom/products/magnum-double-raspberry-ice-cream-stick/722160-688655-688656,Magnum Double Raspberry Ice Cream Stick,3x85ml,£4.20,£1.65/100ml,Add 2 for £6,Dietary & Lifestyle
088876,Waitrose Walnuts,G,false,770,https://ecom-su-static-prod.wtrecom.com/images/products/3/LN_088876_BP_3.jpg,https://www.waitrose.com/ecom/products/waitrose-walnuts/088876-45677-45678,Waitrose Walnuts,150g,£2.75,£18.34/kg,,Dietary & Lifestyle
703377,Philadelphia Light Mini Soft Cheese Tubs,G,false,771,https://ecom-su-static-prod.wtrecom.com/images/products/3/LN_703377_BP_3.jpg,https://www.waitrose.com/ecom/products/philadelphia-light-mini-soft-cheese-tubs/703377-99866-99867,Philadelphia Light Mini Soft Cheese Tubs,4x35g,£2.00,£14.29/kg,,Dietary & Lifestyle
570382,Waitrose Chocolate Mini Rolls,G,true,772,https://ecom-su-static-prod.wtrecom.com/images/products/3/LN_570382_BP_3.jpg,https://www.waitrose.com/ecom/products/waitrose-chocolate-mini-rolls/570382-80790-80791,Waitrose Chocolate Mini Rolls,17s,£3.50,20.6p each,Add 2 for £6,Dietary & Lifestyle
446259,"Waitrose Levantine Spinach, Feta Parcels",G,false,773,https://ecom-su-static-prod.wtrecom.com/images/products/3/LN_446259_BP_3.jpg,https://www.waitrose.com/ecom/products/waitrose-levantine-spinach-feta-parcels/446259-62829-62830,"Waitrose Levantine Spinach, Feta Parcels",136g,£3.90,£2.87/100g,,Dietary & Lifestyle
074236,Green & Black's Organic Ginger Dark Chocolate Bar,G,false,774,https://ecom-su-static-prod.wtrecom.com/images/products/3/LN_074236_BP_3.jpg,https://www.waitrose.com/ecom/products/green-blacks-organic-ginger-dark-chocolate-bar/074236-37690-37691,Green & Black's Organic Ginger Dark Chocolate Bar,90g,£2.50,£2.78/100g,,Dietary & Lifestyle
084431,Alpro Soya Chilled Dairy Free Milk Alternative,G,false,775,https://ecom-su-static-prod.wtrecom.com/images/products/3/LN_084431_BP_3.jpg,https://www.waitrose.com/ecom/products/alpro-soya-chilled-dairy-free-milk-alternative/084431-42881-42882,Alpro Soya Chilled Dairy Free Milk Alternative,1litre,£2.10,£2.10/litre,,Dietary & Lifestyle
535115,Easy to Cook Garlic & Herb Chicken Breasts,G,true,776,https://ecom-su-static-prod.wtrecom.com/images/products/3/LN_535115_BP_3.jpg,https://www.waitrose.com/ecom/products/easy-to-cook-garlic-herb-chicken-breasts/535115-357318-357319,Easy to Cook Garlic & Herb Chicken Breasts,270g,£5.00,£18.52/kg,Add 3 for £12,Dietary & Lifestyle
086151,Cooks' Ingredients Mint Pot,G,true,777,https://ecom-su-static-prod.wtrecom.com/images/products/3/LN_086151_BP_3.jpg,https://www.waitrose.com/ecom/products/cooks-ingredients-mint-pot/086151-43997-43998,Cooks' Ingredients Mint Pot,Each,£1.36,£1.36 each,20% Off. Was £1.70,Dietary & Lifestyle
580808,Duchy Organic Italian Mozzarella Cheese Strength 1,G,false,778,https://ecom-su-static-prod.wtrecom.com/images/products/3/LN_580808_BP_3.jpg,https://www.waitrose.com/ecom/products/duchy-organic-italian-mozzarella-cheese-strength-1/580808-666395-666396,Duchy Organic Italian Mozzarella Cheese Strength 1,drained 125g,£1.80,£14.40/kg,,Dietary & Lifestyle
018438,Actimel Immunity 0% Added Sugar Fat Free Live Yogurt Drinks,G,false,779,https://ecom-su-static-prod.wtrecom.com/images/products/3/LN_018438_BP_3.jpg,https://www.waitrose.com/ecom/products/actimel-immunity-0-added-sugar-fat-free-live-yogurt-drinks/018438-8921-8922,Actimel Immunity 0% Added Sugar Fat Free Live Yogurt Drinks,8x100g,£3.95,49.4p/100g,,Dietary & Lifestyle
817158,Walkers Sensations Lime & Coriander Chutney Sharing Poppadoms,G,true,780,https://ecom-su-static-prod.wtrecom.com/images/products/3/LN_817158_BP_3.jpg,https://www.waitrose.com/ecom/products/walkers-sensations-lime-coriander-chutney-sharing-poppadoms/817158-307218-307219,Walkers Sensations Lime & Coriander Chutney Sharing Poppadoms,82.5g,£1.50,£1.82/100g,save £1.00. Was £2.50,Dietary & Lifestyle
515096,Adnams Ghost Ship 0.5% Low Alcohol Beer,G,false,781,https://ecom-su-static-prod.wtrecom.com/images/products/3/LN_515096_BP_3.jpg,https://www.waitrose.com/ecom/products/adnams-ghost-ship-05-low-alcohol-beer/515096-682890-682891,Adnams Ghost Ship 0.5% Low Alcohol Beer,500ml,£1.60,£3.20/litre,,Dietary & Lifestyle
791169,Kallo Corn Cakes Salted Wholegrain Low Fat,G,true,782,https://ecom-su-static-prod.wtrecom.com/images/products/3/LN_791169_BP_3.jpg,https://www.waitrose.com/ecom/products/kallo-corn-cakes-salted-wholegrain-low-fat/791169-174681-174682,Kallo Corn Cakes Salted Wholegrain Low Fat,130g,£1.25,96.2p/100g,20% Off. Was £1.60,Dietary & Lifestyle
095141,Essential Plum Tomatoes in Natural Juice,G,false,783,https://ecom-su-static-prod.wtrecom.com/images/products/3/LN_095141_BP_3.jpg,https://www.waitrose.com/ecom/products/essential-plum-tomatoes-in-natural-juice/095141-48772-48772,Essential Plum Tomatoes in Natural Juice,4x400g,£2.20,£1.38/kg,,Dietary & Lifestyle
002959,Evian Still Mineral Water,G,false,784,https://ecom-su-static-prod.wtrecom.com/images/products/3/LN_002959_BP_3.jpg,https://www.waitrose.com/ecom/products/evian-still-mineral-water/002959-1086-1087,Evian Still Mineral Water,12x33cl,£5.00,12.6p/100ml,,Dietary & Lifestyle
684286,Tilda Pure Basmati Rice,G,true,785,https://ecom-su-static-prod.wtrecom.com/images/products/3/LN_684286_BP_3.jpg,https://www.waitrose.com/ecom/products/tilda-pure-basmati-rice/684286-97208-97209,Tilda Pure Basmati Rice,500g,£2.50,£5/kg,save 65p. Was £3.15,Dietary & Lifestyle
792130,Heinz Baked Beans Snap Pots,G,true,786,https://ecom-su-static-prod.wtrecom.com/images/products/3/LN_792130_BP_3.jpg,https://www.waitrose.com/ecom/products/heinz-baked-beans-snap-pots/792130-112689-112690,Heinz Baked Beans Snap Pots,4x200g,£3.50,£4.38/kg,Add 2 for £6,Dietary & Lifestyle
006805,Waitrose Flaked Almonds,G,false,787,https://ecom-su-static-prod.wtrecom.com/images/products/3/LN_006805_BP_3.jpg,https://www.waitrose.com/ecom/products/waitrose-flaked-almonds/006805-3053-3054,Waitrose Flaked Almonds,200g,£3.00,£15/kg,,Dietary & Lifestyle
818404,Waitrose Potato Croquettes,G,false,788,https://ecom-su-static-prod.wtrecom.com/images/products/3/LN_818404_BP_3.jpg,https://www.waitrose.com/ecom/products/waitrose-potato-croquettes/818404-462428-462429,Waitrose Potato Croquettes,220g,£2.75,£12.50/kg,,Dietary & Lifestyle
398104,Crosta & Mollica Pane Pugliese,G,false,789,https://ecom-su-static-prod.wtrecom.com/images/products/3/LN_398104_BP_3.jpg,https://www.waitrose.com/ecom/products/crosta-mollica-pane-pugliese/398104-131221-131222,Crosta & Mollica Pane Pugliese,400g,£2.40,60p/100g,,Dietary & Lifestyle
393496,Cafèdirect Fairtrade Machu Picchu Ground Coffee,G,true,790,https://ecom-su-static-prod.wtrecom.com/images/products/3/LN_393496_BP_3.jpg,https://www.waitrose.com/ecom/products/cafedirect-fairtrade-machu-picchu-ground-coffee/393496-55299-55300,Cafèdirect Fairtrade Machu Picchu Ground Coffee,200g,£3.50,£1.75/100g,save £1.45. Was £4.95,Dietary & Lifestyle
010195,Tenderstem Broccoli & Chantenay Carrots,G,true,791,https://ecom-su-static-prod.wtrecom.com/images/products/3/LN_010195_BP_3.jpg,https://www.waitrose.com/ecom/products/tenderstem-broccoli-chantenay-carrots/010195-5078-5079,Tenderstem Broccoli & Chantenay Carrots,210g,£2.20,£10.48/kg,Add 2 for £3.50,Dietary & Lifestyle
426611,Alesis Filo Spinach Twist Pie,G,false,792,https://ecom-su-static-prod.wtrecom.com/images/products/3/LN_426611_BP_3.jpg,https://www.waitrose.com/ecom/products/alesis-filo-spinach-twist-pie/426611-664737-664738,Alesis Filo Spinach Twist Pie,400g,£3.60,£9/kg,,Dietary & Lifestyle
001051,Kellogg's Crunchy Nut Breakfast Cereal Large Pack,G,false,793,https://ecom-su-static-prod.wtrecom.com/images/products/3/LN_001051_BP_3.jpg,https://www.waitrose.com/ecom/products/kelloggs-crunchy-nut-breakfast-cereal-large-pack/001051-31-32,Kellogg's Crunchy Nut Breakfast Cereal Large Pack,840g,£5.00,59.5p/100g,,Dietary & Lifestyle
792139,Propercorn Sweet & Salty,G,false,794,https://ecom-su-static-prod.wtrecom.com/images/products/3/LN_792139_BP_3.jpg,https://www.waitrose.com/ecom/products/propercorn-sweet-salty/792139-658633-658634,Propercorn Sweet & Salty,6x14g,£2.00,£2.39/100g,,Dietary & Lifestyle
561133,Good4U Super Greens Super Sprouts,G,false,795,https://ecom-su-static-prod.wtrecom.com/images/products/3/LN_561133_BP_3.jpg,https://www.waitrose.com/ecom/products/good4u-super-greens-super-sprouts/561133-451646-451647,Good4U Super Greens Super Sprouts,60g,£1.55,£2.59/100g,,Dietary & Lifestyle
086508,Duchy Organic Vine Tomatoes,G,false,796,https://ecom-su-static-prod.wtrecom.com/images/products/3/LN_086508_BP_3.jpg,https://www.waitrose.com/ecom/products/duchy-organic-vine-tomatoes/086508-44188-44189,Duchy Organic Vine Tomatoes,250g,£2.50,£10/kg,,Dietary & Lifestyle
086209,Cooks' Ingredients Large Basil Pot,G,false,797,https://ecom-su-static-prod.wtrecom.com/images/products/3/LN_086209_BP_3.jpg,https://www.waitrose.com/ecom/products/cooks-ingredients-large-basil-pot/086209-44044-44045,Cooks' Ingredients Large Basil Pot,Each,£2.35,£2.35 each,,Dietary & Lifestyle
811485,Waitrose Envy Apples,G,false,798,https://ecom-su-static-prod.wtrecom.com/images/products/3/LN_811485_BP_3.jpg,https://www.waitrose.com/ecom/products/waitrose-envy-apples/811485-459940-459941,Waitrose Envy Apples,4s,£2.10,52.5p each,,Dietary & Lifestyle
458205,Waitrose Bubbly Battered Cod,G,false,799,https://ecom-su-static-prod.wtrecom.com/images/products/3/LN_458205_BP_3.jpg,https://www.waitrose.com/ecom/products/waitrose-bubbly-battered-cod/458205-661541-661542,Waitrose Bubbly Battered Cod,380g,£6.25,£16.45/kg,,Dietary & Lifestyle
694565,Essential Frozen Cooked and Peeled Prawns,G,false,800,https://ecom-su-static-prod.wtrecom.com/images/products/3/LN_694565_BP_3.jpg,https://www.waitrose.com/ecom/products/essential-frozen-cooked-and-peeled-prawns/694565-653353-653354,Essential Frozen Cooked and Peeled Prawns,300g,£5.00,£16.67/kg,,Dietary & Lifestyle
002139,"Waitrose Carrot, Cauliflower & Broccoli",G,false,801,https://ecom-su-static-prod.wtrecom.com/images/products/3/LN_002139_BP_3.jpg,https://www.waitrose.com/ecom/products/waitrose-carrot-cauliflower-broccoli/002139-594-595,"Waitrose Carrot, Cauliflower & Broccoli",240g,£1.20,50p/100g,,Dietary & Lifestyle
019703,Essential Plum Tomatoes in Natural Juice,G,false,802,https://ecom-su-static-prod.wtrecom.com/images/products/3/LN_019703_BP_3.jpg,https://www.waitrose.com/ecom/products/essential-plum-tomatoes-in-natural-juice/019703-9569-9570,Essential Plum Tomatoes in Natural Juice,400g,60p,£1.50/kg,,Dietary & Lifestyle
046201,Essential Reduced Fat Houmous,G,false,803,https://ecom-su-static-prod.wtrecom.com/images/products/3/LN_046201_BP_3.jpg,https://www.waitrose.com/ecom/products/essential-reduced-fat-houmous/046201-22747-22748,Essential Reduced Fat Houmous,300g,£1.75,58.3p/100g,,Dietary & Lifestyle
001052,Kellogg's Crunchy Nut Breakfast Cereal,G,true,804,https://ecom-su-static-prod.wtrecom.com/images/products/3/LN_001052_BP_3.jpg,https://www.waitrose.com/ecom/products/kelloggs-crunchy-nut-breakfast-cereal/001052-33-34,Kellogg's Crunchy Nut Breakfast Cereal,460g,£2.75,59.8p/100g,save 75p. Was £3.50,Dietary & Lifestyle
821446,Waitrose British Lean Pork Mince 5% Fat,G,false,805,https://ecom-su-static-prod.wtrecom.com/images/products/3/LN_821446_BP_3.jpg,https://www.waitrose.com/ecom/products/waitrose-british-lean-pork-mince-5-fat/821446-661201-661202,Waitrose British Lean Pork Mince 5% Fat,500g,£3.95,79p/100g,,Dietary & Lifestyle
090788,Duchy Organic Frozen Sweetcorn,G,false,806,https://ecom-su-static-prod.wtrecom.com/images/products/3/LN_090788_BP_3.jpg,https://www.waitrose.com/ecom/products/duchy-organic-frozen-sweetcorn/090788-46761-46762,Duchy Organic Frozen Sweetcorn,500g,£2.00,£4/kg,,Dietary & Lifestyle
085608,Duchy Organic Bunched Carrots,G,false,807,https://ecom-su-static-prod.wtrecom.com/images/products/3/LN_085608_BP_3.jpg,https://www.waitrose.com/ecom/products/duchy-organic-bunched-carrots/085608-43691-43692,Duchy Organic Bunched Carrots,Each,£1.90,£1.90 each,,Dietary & Lifestyle
006802,Waitrose Ground Almonds,G,false,808,https://ecom-su-static-prod.wtrecom.com/images/products/3/LN_006802_BP_3.jpg,https://www.waitrose.com/ecom/products/waitrose-ground-almonds/006802-3049-3050,Waitrose Ground Almonds,200g,£2.95,£14.75/kg,,Dietary & Lifestyle
557431,Heinz Baked Beans 6 Pack,G,true,809,https://ecom-su-static-prod.wtrecom.com/images/products/3/LN_557431_BP_3.jpg,https://www.waitrose.com/ecom/products/heinz-baked-beans-6-pack/557431-707452-707453,Heinz Baked Beans 6 Pack,6x415g,£5.50,£2.21/kg,Add 2 for £9,Dietary & Lifestyle
653720,No.1 Wheat & Rye Sourdough Sliced,G,false,810,https://ecom-su-static-prod.wtrecom.com/images/products/3/LN_653720_BP_3.jpg,https://www.waitrose.com/ecom/products/no1-wheat-rye-sourdough-sliced/653720-373403-373404,No.1 Wheat & Rye Sourdough Sliced,500g,£2.20,44p/100g,,Dietary & Lifestyle
815696,Nestlé Shreddies The Original,G,true,811,https://ecom-su-static-prod.wtrecom.com/images/products/3/LN_815696_BP_3.jpg,https://www.waitrose.com/ecom/products/nestle-shreddies-the-original/815696-752833-752834,Nestlé Shreddies The Original,460g,£2.00,43.5p/100g,save £1.25. Was £3.25,Dietary & Lifestyle
039048,Pure Dairy Free Sunflower Spread,G,false,812,https://ecom-su-static-prod.wtrecom.com/images/products/3/LN_039048_BP_3.jpg,https://www.waitrose.com/ecom/products/pure-dairy-free-sunflower-spread/039048-19385-19386,Pure Dairy Free Sunflower Spread,500g,£2.25,£4.50/kg,,Dietary & Lifestyle
017431,Tilda Pure Basmati Rice,G,false,813,https://ecom-su-static-prod.wtrecom.com/images/products/3/LN_017431_BP_3.jpg,https://www.waitrose.com/ecom/products/tilda-pure-basmati-rice/017431-8430-8431,Tilda Pure Basmati Rice,1kg,£5.25,£5.25/kg,,Dietary & Lifestyle
071941,GOOD TO GO Coconut Chunks,G,true,814,https://ecom-su-static-prod.wtrecom.com/images/products/3/LN_071941_BP_3.jpg,https://www.waitrose.com/ecom/products/good-to-go-coconut-chunks/071941-427095-36537,GOOD TO GO Coconut Chunks,80g,£1.10,£1.38/100g,"£5 Food to Go Meal Deal: Add 1 Main, 1 Snack and 1 Drink",Dietary & Lifestyle
887033,No.1 Rye and Wheat Dark Sourdough Bread,G,false,815,https://ecom-su-static-prod.wtrecom.com/images/products/3/LN_887033_BP_3.jpg,https://www.waitrose.com/ecom/products/no1-rye-and-wheat-dark-sourdough-bread/887033-526254-526255,No.1 Rye and Wheat Dark Sourdough Bread,500g,£2.70,54p/100g,,Dietary & Lifestyle
086516,Essential Cherry Tomatoes,G,false,816,https://ecom-su-static-prod.wtrecom.com/images/products/3/LN_086516_BP_3.jpg,https://www.waitrose.com/ecom/products/essential-cherry-tomatoes/086516-44200-44201,Essential Cherry Tomatoes,250g,£1.00,£4/kg,,Dietary & Lifestyle
643160,Crosta & Mollica Pizzeria Margherita Pizza,G,true,817,https://ecom-su-static-prod.wtrecom.com/images/products/3/LN_643160_BP_3.jpg,https://www.waitrose.com/ecom/products/crosta-mollica-pizzeria-margherita-pizza/643160-691716-691717,Crosta & Mollica Pizzeria Margherita Pizza,403g,£4.50,£11.17/kg,25% Off. Was £6.00,Dietary & Lifestyle
814257,Essential Spring Greens,G,false,818,https://ecom-su-static-prod.wtrecom.com/images/products/3/LN_814257_BP_3.jpg,https://www.waitrose.com/ecom/products/essential-spring-greens/814257-422017-422018,Essential Spring Greens,500g,80p,£1.60/kg,,Dietary & Lifestyle
770199,Innocent Pure Orange Fruit Juice with Bits,G,false,819,https://ecom-su-static-prod.wtrecom.com/images/products/3/LN_770199_BP_3.jpg,https://www.waitrose.com/ecom/products/innocent-pure-orange-fruit-juice-with-bits/770199-124258-124259,Innocent Pure Orange Fruit Juice with Bits,900ml,£3.15,35p/100ml,,Dietary & Lifestyle
009516,Waitrose Belgian Dark Chocolate 54%,G,false,820,https://ecom-su-static-prod.wtrecom.com/images/products/3/LN_009516_BP_3.jpg,https://www.waitrose.com/ecom/products/waitrose-belgian-dark-chocolate-54/009516-4678-4679,Waitrose Belgian Dark Chocolate 54%,180g,£2.20,£1.23/100g,,Dietary & Lifestyle
644929,Cooks' Ingredients Tahini,G,false,821,https://ecom-su-static-prod.wtrecom.com/images/products/3/LN_644929_BP_3.jpg,https://www.waitrose.com/ecom/products/cooks-ingredients-tahini/644929-312347-312348,Cooks' Ingredients Tahini,300g,£3.00,£1/100g,,Dietary & Lifestyle
717622,Duchy Organic Frozen Berry Mix,G,false,822,https://ecom-su-static-prod.wtrecom.com/images/products/3/LN_717622_BP_3.jpg,https://www.waitrose.com/ecom/products/duchy-organic-frozen-berry-mix/717622-101973-101974,Duchy Organic Frozen Berry Mix,300g,£3.80,£12.67/kg,,Dietary & Lifestyle
742013,Tilda Fragrant Jasmine Rice,G,false,823,https://ecom-su-static-prod.wtrecom.com/images/products/3/LN_742013_BP_3.jpg,https://www.waitrose.com/ecom/products/tilda-fragrant-jasmine-rice/742013-697904-697905,Tilda Fragrant Jasmine Rice,250g,£1.65,£6.60/kg,,Dietary & Lifestyle
641197,Waitrose Portabellini Mushrooms,G,false,824,https://ecom-su-static-prod.wtrecom.com/images/products/3/LN_641197_BP_3.jpg,https://www.waitrose.com/ecom/products/waitrose-portabellini-mushrooms/641197-127657-127658,Waitrose Portabellini Mushrooms,250g,£1.75,£7/kg,,Dietary & Lifestyle
877498,Beyond Meat Beyond Burger,G,false,825,https://ecom-su-static-prod.wtrecom.com/images/products/3/LN_877498_BP_3.jpg,https://www.waitrose.com/ecom/products/beyond-meat-beyond-burger/877498-752575-752576,Beyond Meat Beyond Burger,226g,£4.75,£21.02/kg,,Dietary & Lifestyle
774637,Vita Coco Original Coconut Water Large,G,true,826,https://ecom-su-static-prod.wtrecom.com/images/products/3/LN_774637_BP_3.jpg,https://www.waitrose.com/ecom/products/vita-coco-original-coconut-water-large/774637-110149-110150,Vita Coco Original Coconut Water Large,1litre,£2.80,28p/100ml,Save 1/3. Was £4.20,Dietary & Lifestyle
091661,Waitrose 6 Frozen Breaded Cod Fingers,G,false,827,https://ecom-su-static-prod.wtrecom.com/images/products/3/LN_091661_BP_3.jpg,https://www.waitrose.com/ecom/products/waitrose-6-frozen-breaded-cod-fingers/091661-47200-47201,Waitrose 6 Frozen Breaded Cod Fingers,330g,£3.80,£11.52/kg,,Dietary & Lifestyle
015864,Duchy Organic Unhomogenised Whole Milk 1 Pint,G,false,828,https://ecom-su-static-prod.wtrecom.com/images/products/3/LN_015864_BP_3.jpg,https://www.waitrose.com/ecom/products/duchy-organic-unhomogenised-whole-milk-1-pint/015864-7587-7588,Duchy Organic Unhomogenised Whole Milk 1 Pint,568ml,£1.15,£2.03/litre,,Dietary & Lifestyle
823228,Cooks' Ingredients Frozen Sliced British Bramley Apples,G,false,829,https://ecom-su-static-prod.wtrecom.com/images/products/3/LN_823228_BP_3.jpg,https://www.waitrose.com/ecom/products/cooks-ingredients-frozen-sliced-british-bramley-apples/823228-673435-673436,Cooks' Ingredients Frozen Sliced British Bramley Apples,350g,£2.20,£6.29/kg,,Dietary & Lifestyle
042701,Sharwood's Plain Poppadoms,G,false,830,https://ecom-su-static-prod.wtrecom.com/images/products/3/LN_042701_BP_3.jpg,https://www.waitrose.com/ecom/products/sharwoods-plain-poppadoms/042701-21122-21123,Sharwood's Plain Poppadoms,8s,£2.35,29.4p each,,Dietary & Lifestyle
085237,Waitrose Purple Sprouting Broccoli Spears,G,false,831,https://ecom-su-static-prod.wtrecom.com/images/products/3/LN_085237_BP_3.jpg,https://www.waitrose.com/ecom/products/waitrose-purple-sprouting-broccoli-spears/085237-43315-43316,Waitrose Purple Sprouting Broccoli Spears,230g,£2.40,£10.44/kg,,Dietary & Lifestyle
856598,Charlie Bigham's Macaroni Cheese for 1,G,true,832,https://ecom-su-static-prod.wtrecom.com/images/products/3/LN_856598_BP_3.jpg,https://www.waitrose.com/ecom/products/charlie-bighams-macaroni-cheese-for-1/856598-426072-426073,Charlie Bigham's Macaroni Cheese for 1,340g,£6.00,£17.65/kg,Add 2 for £11,Dietary & Lifestyle
526234,Waitrose Wholewheat Penne,G,false,833,https://ecom-su-static-prod.wtrecom.com/images/products/3/LN_526234_BP_3.jpg,https://www.waitrose.com/ecom/products/waitrose-wholewheat-penne/526234-74385-74386,Waitrose Wholewheat Penne,500g,£1.75,£3.50/kg,,Dietary & Lifestyle
829117,Waitrose Apple Juice with Ginger,G,false,834,https://ecom-su-static-prod.wtrecom.com/images/products/3/LN_829117_BP_3.jpg,https://www.waitrose.com/ecom/products/waitrose-apple-juice-with-ginger/829117-166797-166798,Waitrose Apple Juice with Ginger,1litre,£2.10,21p/100ml,,Dietary & Lifestyle
059045,Waitrose Caramel Panna Cotta,G,true,835,https://ecom-su-static-prod.wtrecom.com/images/products/3/LN_059045_BP_3.jpg,https://www.waitrose.com/ecom/products/waitrose-caramel-panna-cotta/059045-29732-29733,Waitrose Caramel Panna Cotta,2x120g,£2.15,89.6p/100g,£8 Chicken Dinner Meal Deal: Add 1 Main & 2 Extras,Dietary & Lifestyle
001071,Kellogg's Fruit 'n Fibre Breakfast Cereal Large Pack,G,false,836,https://ecom-su-static-prod.wtrecom.com/images/products/3/LN_001071_BP_3.jpg,https://www.waitrose.com/ecom/products/kelloggs-fruit-n-fibre-breakfast-cereal-large-pack/001071-45-46,Kellogg's Fruit 'n Fibre Breakfast Cereal Large Pack,700g,£3.70,52.9p/100g,,Dietary & Lifestyle
372202,Innocent Pure Smooth Orange Fruit Juice Large,G,true,837,https://ecom-su-static-prod.wtrecom.com/images/products/3/LN_372202_BP_3.jpg,https://www.waitrose.com/ecom/products/innocent-pure-smooth-orange-fruit-juice-large/372202-124082-124083,Innocent Pure Smooth Orange Fruit Juice Large,1.35litre,£3.00,22.2p/100ml,save £1.30. Was £4.30,Dietary & Lifestyle
678383,Waitrose Nuts & Raisins,G,false,838,https://ecom-su-static-prod.wtrecom.com/images/products/3/LN_678383_BP_3.jpg,https://www.waitrose.com/ecom/products/waitrose-nuts-raisins/678383-492085-492086,Waitrose Nuts & Raisins,500g,£4.00,80p/100g,,Dietary & Lifestyle
881702,Waitrose Extra Large Watermelon,G,false,839,https://ecom-su-static-prod.wtrecom.com/images/products/3/LN_881702_BP_3.jpg,https://www.waitrose.com/ecom/products/waitrose-extra-large-watermelon/881702-508031-508032,Waitrose Extra Large Watermelon,Each,£3.75,£3.75 each,,Dietary & Lifestyle
091489,Essential Thin & Crispy Cheese & Tomato Pizza,G,false,840,https://ecom-su-static-prod.wtrecom.com/images/products/3/LN_091489_BP_3.jpg,https://www.waitrose.com/ecom/products/essential-thin-crispy-cheese-tomato-pizza/091489-47111-47112,Essential Thin & Crispy Cheese & Tomato Pizza,241g,£2.50,£10.38/kg,,Dietary & Lifestyle
473256,Cooks' Ingredients Frozen Chopped ginger,G,true,841,https://ecom-su-static-prod.wtrecom.com/images/products/3/LN_473256_BP_3.jpg,https://www.waitrose.com/ecom/products/cooks-ingredients-frozen-chopped-ginger/473256-66752-66753,Cooks' Ingredients Frozen Chopped ginger,75g,£1.85,24.7p/10g,Add 2 for £3,Dietary & Lifestyle
827123,Knorr Gluten Free Chicken Stock Pot,G,false,842,https://ecom-su-static-prod.wtrecom.com/images/products/3/LN_827123_BP_3.jpg,https://www.waitrose.com/ecom/products/knorr-gluten-free-chicken-stock-pot/827123-230037-230038,Knorr Gluten Free Chicken Stock Pot,4x28g,£2.00,£1.79/100g,,Dietary & Lifestyle
033431,Duchy Organic British FR Eggs Very Large,G,false,843,https://ecom-su-static-prod.wtrecom.com/images/products/3/LN_033431_BP_3.jpg,https://www.waitrose.com/ecom/products/duchy-organic-british-fr-eggs-very-large/033431-16683-16684,Duchy Organic British FR Eggs Very Large,6s,£3.75,62.5p each,,Dietary & Lifestyle
884020,No.1 Free Range Pork Medallions,G,true,844,https://ecom-su-static-prod.wtrecom.com/images/products/3/LN_884020_BP_3.jpg,https://www.waitrose.com/ecom/products/no1-free-range-pork-medallions/884020-382472-382473,No.1 Free Range Pork Medallions,240g,£3.37,£14.05/kg,25% Off. Was £4.50,Dietary & Lifestyle
872632,Magnum Intense Dark Chocolate Ice Cream Sticks,G,true,845,https://ecom-su-static-prod.wtrecom.com/images/products/3/LN_872632_BP_3.jpg,https://www.waitrose.com/ecom/products/magnum-intense-dark-chocolate-ice-cream-sticks/872632-802204-802205,Magnum Intense Dark Chocolate Ice Cream Sticks,3x100ml,£4.20,£1.40/100ml,Add 2 for £6,Dietary & Lifestyle
848480,Almond Breeze Life Unsweetened Milk Alternative,G,true,846,https://ecom-su-static-prod.wtrecom.com/images/products/3/LN_848480_BP_3.jpg,https://www.waitrose.com/ecom/products/almond-breeze-life-unsweetened-milk-alternative/848480-215257-215258,Almond Breeze Life Unsweetened Milk Alternative,1litre,£1.25,£1.25/litre,save 75p. Was £2.00,Dietary & Lifestyle
078952,Nestlé Multigrain Cheerios,G,false,847,https://ecom-su-static-prod.wtrecom.com/images/products/3/LN_078952_BP_3.jpg,https://www.waitrose.com/ecom/products/nestle-multigrain-cheerios/078952-40187-40188,Nestlé Multigrain Cheerios,540g,£4.40,81.5p/100g,,Dietary & Lifestyle
830783,Rude Health Coconut Long Life Unsweetened Organic Milk Alternative,G,false,848,https://ecom-su-static-prod.wtrecom.com/images/products/3/LN_830783_BP_3.jpg,https://www.waitrose.com/ecom/products/rude-health-coconut-long-life-unsweetened-organic-milk-alternative/830783-469919-469920,Rude Health Coconut Long Life Unsweetened Organic Milk Alternative,1litre,£2.40,£2.40/litre,,Dietary & Lifestyle
807541,Crosta & Mollica Wholeblend Flatbreads,G,false,849,https://ecom-su-static-prod.wtrecom.com/images/products/3/LN_807541_BP_3.jpg,https://www.waitrose.com/ecom/products/crosta-mollica-wholeblend-flatbreads/807541-307196-307197,Crosta & Mollica Wholeblend Flatbreads,4s,£2.00,66.7p/100g,,Dietary & Lifestyle
720491,Waitrose Berry Medley,G,false,850,https://ecom-su-static-prod.wtrecom.com/images/products/3/LN_720491_BP_3.jpg,https://www.waitrose.com/ecom/products/waitrose-berry-medley/720491-698098-698099,Waitrose Berry Medley,230g,£2.95,£1.29/100g,,Dietary & Lifestyle
618332,Crosta & Mollica Torinesi Grissini,G,false,851,https://ecom-su-static-prod.wtrecom.com/images/products/3/LN_618332_BP_3.jpg,https://www.waitrose.com/ecom/products/crosta-mollica-torinesi-grissini/618332-146626-146627,Crosta & Mollica Torinesi Grissini,120g,£1.65,£1.38/100g,,Dietary & Lifestyle
037190,Essential Chicken Livers,G,false,852,https://ecom-su-static-prod.wtrecom.com/images/products/3/LN_037190_BP_3.jpg,https://www.waitrose.com/ecom/products/essential-chicken-livers/037190-18631-18632,Essential Chicken Livers,400g,£1.70,£4.25/kg,,Dietary & Lifestyle
713038,Waitrose Padron Peppers,G,false,853,https://ecom-su-static-prod.wtrecom.com/images/products/3/LN_713038_BP_3.jpg,https://www.waitrose.com/ecom/products/waitrose-padron-peppers/713038-344339-344340,Waitrose Padron Peppers,130g,£1.50,£11.54/kg,,Dietary & Lifestyle
443697,Waitrose Couscous,G,false,854,https://ecom-su-static-prod.wtrecom.com/images/products/3/LN_443697_BP_3.jpg,https://www.waitrose.com/ecom/products/waitrose-couscous/443697-780027-780028,Waitrose Couscous,500g,£1.00,20p/100g,,Dietary & Lifestyle
008431,Waitrose Reduced Fat Prawn Cocktail,G,true,855,https://ecom-su-static-prod.wtrecom.com/images/products/3/LN_008431_BP_3.jpg,https://www.waitrose.com/ecom/products/waitrose-reduced-fat-prawn-cocktail/008431-4007-4008,Waitrose Reduced Fat Prawn Cocktail,170g,£3.75,£22.06/kg,Add 2 for £5.50,Dietary & Lifestyle
389399,Waitrose Fish Pie Mix,G,true,856,https://ecom-su-static-prod.wtrecom.com/images/products/3/LN_389399_BP_3.jpg,https://www.waitrose.com/ecom/products/waitrose-fish-pie-mix/389399-237480-237481,Waitrose Fish Pie Mix,260g,£4.95,£19.04/kg,Add 3 for £12,Dietary & Lifestyle
016602,Waitrose Fairtrade French Style Ground Coffee,G,false,857,https://ecom-su-static-prod.wtrecom.com/images/products/3/LN_016602_BP_3.jpg,https://www.waitrose.com/ecom/products/waitrose-fairtrade-french-style-ground-coffee/016602-7963-7964,Waitrose Fairtrade French Style Ground Coffee,227g,£3.00,£1.33/100g,,Dietary & Lifestyle
878235,Deliciously Ella Gluten Free & Vegan Oat Bars Peanut Butter,G,false,858,https://ecom-su-static-prod.wtrecom.com/images/products/3/LN_878235_BP_3.jpg,https://www.waitrose.com/ecom/products/deliciously-ella-gluten-free-vegan-oat-bars-peanut-butter/878235-722684-722685,Deliciously Ella Gluten Free & Vegan Oat Bars Peanut Butter,3x50g,£2.80,£1.87/100g,,Dietary & Lifestyle
618736,Equinox Kombucha Ginger Organic Fruit Juice,G,false,859,https://ecom-su-static-prod.wtrecom.com/images/products/3/LN_618736_BP_3.jpg,https://www.waitrose.com/ecom/products/equinox-kombucha-ginger-organic-fruit-juice/618736-746014-746015,Equinox Kombucha Ginger Organic Fruit Juice,750ml,£4.40,58.7p/100ml,,Dietary & Lifestyle
532227,Waitrose La Ratte Potatoes,G,false,860,https://ecom-su-static-prod.wtrecom.com/images/products/3/LN_532227_BP_3.jpg,https://www.waitrose.com/ecom/products/waitrose-la-ratte-potatoes/532227-75234-75235,Waitrose La Ratte Potatoes,500g,£2.60,£5.20/kg,,Dietary & Lifestyle
029136,Heinz Classic Cream of Soup Mushroom,G,true,861,https://ecom-su-static-prod.wtrecom.com/images/products/3/LN_029136_BP_3.jpg,https://www.waitrose.com/ecom/products/heinz-classic-cream-of-soup-mushroom/029136-14203-14204,Heinz Classic Cream of Soup Mushroom,400g,£1.75,43.8p/100g,Add 3 for £4.50,Dietary & Lifestyle
001066,Kellogg's Special K Original Breakfast Cereal,G,true,862,https://ecom-su-static-prod.wtrecom.com/images/products/3/LN_001066_BP_3.jpg,https://www.waitrose.com/ecom/products/kelloggs-special-k-original-breakfast-cereal/001066-41-42,Kellogg's Special K Original Breakfast Cereal,440g,£2.75,62.5p/100g,save 70p. Was £3.45,Dietary & Lifestyle
019711,Waitrose Peeled Italian Cherry Tomatoes,G,false,863,https://ecom-su-static-prod.wtrecom.com/images/products/3/LN_019711_BP_3.jpg,https://www.waitrose.com/ecom/products/waitrose-peeled-italian-cherry-tomatoes/019711-9583-9584,Waitrose Peeled Italian Cherry Tomatoes,400g,£1.30,£3.25/kg,,Dietary & Lifestyle
843250,Waitrose Lightly Dusted Lemon Sole,G,false,864,https://ecom-su-static-prod.wtrecom.com/images/products/3/LN_843250_BP_3.jpg,https://www.waitrose.com/ecom/products/waitrose-lightly-dusted-lemon-sole/843250-689754-689755,Waitrose Lightly Dusted Lemon Sole,270g,£6.00,£22.23/kg,,Dietary & Lifestyle
467419,Alpro Mixed Fruit Dairy Free Yogurt Alternative,G,false,865,https://ecom-su-static-prod.wtrecom.com/images/products/3/LN_467419_BP_3.jpg,https://www.waitrose.com/ecom/products/alpro-mixed-fruit-dairy-free-yogurt-alternative/467419-65867-65867,Alpro Mixed Fruit Dairy Free Yogurt Alternative,4x125g,£2.65,53p/100g,,Dietary & Lifestyle
423029,HECK Chicken Italia Gluten Free Chipolata Sausages 10 pack,G,false,866,https://ecom-su-static-prod.wtrecom.com/images/products/3/LN_423029_BP_3.jpg,https://www.waitrose.com/ecom/products/heck-chicken-italia-gluten-free-chipolata-sausages-10-pack/423029-497624-497625,HECK Chicken Italia Gluten Free Chipolata Sausages 10 pack,340g,£3.50,£10.30/kg,,Dietary & Lifestyle
088023,Waitrose CI Gooseberries,G,true,867,https://ecom-su-static-prod.wtrecom.com/images/products/3/LN_088023_BP_3.jpg,https://www.waitrose.com/ecom/products/waitrose-ci-gooseberries/088023-45002-45003,Waitrose CI Gooseberries,320g,£2.50,£7.82/kg,Add 2 for £4,Dietary & Lifestyle
421141,Waitrose Pistachio Nut Kernels,G,false,868,https://ecom-su-static-prod.wtrecom.com/images/products/3/LN_421141_BP_3.jpg,https://www.waitrose.com/ecom/products/waitrose-pistachio-nut-kernels/421141-260680-260681,Waitrose Pistachio Nut Kernels,100g,£3.00,£3/100g,,Dietary & Lifestyle
403328,Waitrose Tex Mex Dip Trio,G,false,869,https://ecom-su-static-prod.wtrecom.com/images/products/3/LN_403328_BP_3.jpg,https://www.waitrose.com/ecom/products/waitrose-tex-mex-dip-trio/403328-133778-133778,Waitrose Tex Mex Dip Trio,240g,£2.20,91.7p/100g,,Dietary & Lifestyle
058806,Heinz Cream of Tomato Soup,G,true,870,https://ecom-su-static-prod.wtrecom.com/images/products/3/LN_058806_BP_3.jpg,https://www.waitrose.com/ecom/products/heinz-cream-of-tomato-soup/058806-29592-29593,Heinz Cream of Tomato Soup,4x400g,£4.00,25p/100g,Add 2 for £7,Dietary & Lifestyle
654488,Waitrose Fresh Spaghetti,G,false,871,https://ecom-su-static-prod.wtrecom.com/images/products/3/LN_654488_BP_3.jpg,https://www.waitrose.com/ecom/products/waitrose-fresh-spaghetti/654488-793250-793251,Waitrose Fresh Spaghetti,500g,£2.30,£4.60/kg,,Dietary & Lifestyle
407344,Magnum White Chocolate Ice Cream Stick,G,true,872,https://ecom-su-static-prod.wtrecom.com/images/products/3/LN_407344_BP_3.jpg,https://www.waitrose.com/ecom/products/magnum-white-chocolate-ice-cream-stick/407344-409138-409139,Magnum White Chocolate Ice Cream Stick,3x100ml,£3.50,£1.17/100ml,Add 2 for £5,Dietary & Lifestyle
576069,Soreen The Original Malt Loaf,G,true,873,https://ecom-su-static-prod.wtrecom.com/images/products/3/LN_576069_BP_3.jpg,https://www.waitrose.com/ecom/products/soreen-the-original-malt-loaf/576069-81622-81623,Soreen The Original Malt Loaf,260g,£1.44,55.4p/100g,20% Off. Was £1.80,Dietary & Lifestyle
385205,Clearspring Organic Tofu,G,true,874,https://ecom-su-static-prod.wtrecom.com/images/products/3/LN_385205_BP_3.jpg,https://www.waitrose.com/ecom/products/clearspring-organic-tofu/385205-139950-139951,Clearspring Organic Tofu,300g,£1.45,48.3p/100g,20% Off. Was £1.85,Dietary & Lifestyle
467167,Cirio Pelati Peeled Plum Tomatoes,G,false,875,https://ecom-su-static-prod.wtrecom.com/images/products/3/LN_467167_BP_3.jpg,https://www.waitrose.com/ecom/products/cirio-pelati-peeled-plum-tomatoes/467167-162149-162150,Cirio Pelati Peeled Plum Tomatoes,4x400g,£5.00,£3.13/kg,,Dietary & Lifestyle
832230,Waitrose Frozen Fine Cut Vegetable Steamers,G,false,876,https://ecom-su-static-prod.wtrecom.com/images/products/3/LN_832230_BP_3.jpg,https://www.waitrose.com/ecom/products/waitrose-frozen-fine-cut-vegetable-steamers/832230-581574-581575,Waitrose Frozen Fine Cut Vegetable Steamers,4x160g,£2.75,£4.30/kg,,Dietary & Lifestyle
060794,Nairn's Oat Cakes Fine Milled,G,false,877,https://ecom-su-static-prod.wtrecom.com/images/products/3/LN_060794_BP_3.jpg,https://www.waitrose.com/ecom/products/nairns-oat-cakes-fine-milled/060794-30720-30721,Nairn's Oat Cakes Fine Milled,250g,£1.30,52p/100g,,Dietary & Lifestyle
671682,Kallo Protein Packed Lentil Cakes,G,true,878,https://ecom-su-static-prod.wtrecom.com/images/products/3/LN_671682_BP_3.jpg,https://www.waitrose.com/ecom/products/kallo-protein-packed-lentil-cakes/671682-648152-648153,Kallo Protein Packed Lentil Cakes,100g,£1.85,£1.85/100g,20% Off. Was £2.35,Dietary & Lifestyle
752033,Waitrose Perfectly Ripe Flat Peaches,G,false,879,https://ecom-su-static-prod.wtrecom.com/images/products/3/LN_752033_BP_3.jpg,https://www.waitrose.com/ecom/products/waitrose-perfectly-ripe-flat-peaches/752033-350007-350008,Waitrose Perfectly Ripe Flat Peaches,4s,£4.00,£1 each,,Dietary & Lifestyle
861718,Muller Corner Peach & Apricot Yogurt Single,G,true,880,https://ecom-su-static-prod.wtrecom.com/images/products/3/LN_861718_BP_3.jpg,https://www.waitrose.com/ecom/products/muller-corner-peach-apricot-yogurt-single/861718-807075-807076,Muller Corner Peach & Apricot Yogurt Single,136g,95p,69.9p/100g,Add 4 for £2,Dietary & Lifestyle
563644,Waitrose Popped Garden Peas,G,true,881,https://ecom-su-static-prod.wtrecom.com/images/products/3/LN_563644_BP_3.jpg,https://www.waitrose.com/ecom/products/waitrose-popped-garden-peas/563644-344178-344179,Waitrose Popped Garden Peas,80g,£1.20,£1.50/100g,Add 3 for £3,Dietary & Lifestyle
595334,Waitrose Soft Apricots,G,false,882,https://ecom-su-static-prod.wtrecom.com/images/products/3/LN_595334_BP_3.jpg,https://www.waitrose.com/ecom/products/waitrose-soft-apricots/595334-492019-492020,Waitrose Soft Apricots,250g,£2.95,£1.18/100g,,Dietary & Lifestyle
620591,Sweet Baby Red Peppers,G,false,883,https://ecom-su-static-prod.wtrecom.com/images/products/3/LN_620591_BP_3.jpg,https://www.waitrose.com/ecom/products/sweet-baby-red-peppers/620591-197970-197971,Sweet Baby Red Peppers,150g,£2.20,£14.67/kg,,Dietary & Lifestyle
086102,Cooks' Ingredients Curly Leaf Parsley,G,false,884,https://ecom-su-static-prod.wtrecom.com/images/products/3/LN_086102_BP_3.jpg,https://www.waitrose.com/ecom/products/cooks-ingredients-curly-leaf-parsley/086102-43923-43924,Cooks' Ingredients Curly Leaf Parsley,25g,80p,32p/10g,,Dietary & Lifestyle
460833,Waitrose Roasted Garlic Ciabatta,G,false,885,https://ecom-su-static-prod.wtrecom.com/images/products/3/LN_460833_BP_3.jpg,https://www.waitrose.com/ecom/products/waitrose-roasted-garlic-ciabatta/460833-64955-64956,Waitrose Roasted Garlic Ciabatta,275g,£2.25,81.8p/100g,,Dietary & Lifestyle
099050,Cooks' Ingredients Frozen Butternut Vine Squash Chunks,G,false,886,https://ecom-su-static-prod.wtrecom.com/images/products/3/LN_099050_BP_3.jpg,https://www.waitrose.com/ecom/products/cooks-ingredients-frozen-butternut-vine-squash-chunks/099050-50487-50488,Cooks' Ingredients Frozen Butternut Vine Squash Chunks,500g,£1.90,£3.80/kg,,Dietary & Lifestyle
064449,Waitrose Gold 80 Tea Bags,G,false,887,https://ecom-su-static-prod.wtrecom.com/images/products/3/LN_064449_BP_3.jpg,https://www.waitrose.com/ecom/products/waitrose-gold-80-tea-bags/064449-32714-32715,Waitrose Gold 80 Tea Bags,250g,£2.50,£1/100g,,Dietary & Lifestyle
619730,Waitrose Sunflower Seeds,G,false,888,https://ecom-su-static-prod.wtrecom.com/images/products/3/LN_619730_BP_3.jpg,https://www.waitrose.com/ecom/products/waitrose-sunflower-seeds/619730-492039-492040,Waitrose Sunflower Seeds,175g,£2.00,£11.43/kg,,Dietary & Lifestyle
037157,Waitrose Indian Pilau Rice,G,false,889,https://ecom-su-static-prod.wtrecom.com/images/products/3/LN_037157_BP_3.jpg,https://www.waitrose.com/ecom/products/waitrose-indian-pilau-rice/037157-18607-18608,Waitrose Indian Pilau Rice,350g,£2.45,£7/kg,,Dietary & Lifestyle
899848,Vita Coco Pressed Coconut Water Large,G,false,890,https://ecom-su-static-prod.wtrecom.com/images/products/3/LN_899848_BP_3.jpg,https://www.waitrose.com/ecom/products/vita-coco-pressed-coconut-water-large/899848-724242-724243,Vita Coco Pressed Coconut Water Large,1litre,£4.20,42p/100ml,,Dietary & Lifestyle
866513,Waitrose Melon Trio,G,false,891,https://ecom-su-static-prod.wtrecom.com/images/products/3/LN_866513_BP_3.jpg,https://www.waitrose.com/ecom/products/waitrose-melon-trio/866513-698198-698199,Waitrose Melon Trio,220g,£2.50,£1.14/100g,,Dietary & Lifestyle
401215,John West Fridge Pot MSC Tuna Steak in Water,G,true,892,https://ecom-su-static-prod.wtrecom.com/images/products/3/LN_401215_BP_3.jpg,https://www.waitrose.com/ecom/products/john-west-fridge-pot-msc-tuna-steak-in-water/401215-631203-631204,John West Fridge Pot MSC Tuna Steak in Water,3x110g,£4.25,£1.29/100g,save £1.75. Was £6.00,Dietary & Lifestyle
552803,Waitrose Cherry Tomato & Basil Sauce,G,false,893,https://ecom-su-static-prod.wtrecom.com/images/products/3/LN_552803_BP_3.jpg,https://www.waitrose.com/ecom/products/waitrose-cherry-tomato-basil-sauce/552803-211672-211673,Waitrose Cherry Tomato & Basil Sauce,350g,£2.95,84.3p/100g,,Dietary & Lifestyle
449968,Heinz Tomato Ketchup 50% Less Sugar & Salt,G,true,894,https://ecom-su-static-prod.wtrecom.com/images/products/3/LN_449968_BP_3.jpg,https://www.waitrose.com/ecom/products/heinz-tomato-ketchup-50-less-sugar-salt/449968-572253-572254,Heinz Tomato Ketchup 50% Less Sugar & Salt,435g,£2.50,57.5p/100g,save 50p. Was £3.00,Dietary & Lifestyle
776382,GoVeggie: Vegetarian Aubergine & Feta Burgers,G,false,895,https://ecom-su-static-prod.wtrecom.com/images/products/3/LN_776382_BP_3.jpg,https://www.waitrose.com/ecom/products/goveggie-vegetarian-aubergine-feta-burgers/776382-382222-382223,GoVeggie: Vegetarian Aubergine & Feta Burgers,210g,£2.60,£12.39/kg,,Dietary & Lifestyle
739927,Essential Tuna Chunks in Sunflower Oil,G,false,896,https://ecom-su-static-prod.wtrecom.com/images/products/3/LN_739927_BP_3.jpg,https://www.waitrose.com/ecom/products/essential-tuna-chunks-in-sunflower-oil/739927-457190-457191,Essential Tuna Chunks in Sunflower Oil,4x160g,£4.75,£1.07/100g,,Dietary & Lifestyle
081118,Swedish Glace Dairy Free Vegan Vanilla Ice Cream Tub,G,false,897,https://ecom-su-static-prod.wtrecom.com/images/products/3/LN_081118_BP_3.jpg,https://www.waitrose.com/ecom/products/swedish-glace-dairy-free-vegan-vanilla-ice-cream-tub/081118-41277-41278,Swedish Glace Dairy Free Vegan Vanilla Ice Cream Tub,750ml,£3.15,42p/100ml,,Dietary & Lifestyle
825252,Waitrose Indian Onion Bhajis,G,false,898,https://ecom-su-static-prod.wtrecom.com/images/products/3/LN_825252_BP_3.jpg,https://www.waitrose.com/ecom/products/waitrose-indian-onion-bhajis/825252-767197-767198,Waitrose Indian Onion Bhajis,300g,£2.85,£9.50/kg,,Dietary & Lifestyle
776839,Kallo Belgian Dark Chocolate Rice Cake Minis,G,false,899,https://ecom-su-static-prod.wtrecom.com/images/products/3/LN_776839_BP_3.jpg,https://www.waitrose.com/ecom/products/kallo-belgian-dark-chocolate-rice-cake-minis/776839-519043-519044,Kallo Belgian Dark Chocolate Rice Cake Minis,4x21g,£2.60,£3.10/100g,,Dietary & Lifestyle
040644,Nairn's Stem Ginger Oat Biscuits 4x5,G,false,900,https://ecom-su-static-prod.wtrecom.com/images/products/3/LN_040644_BP_3.jpg,https://www.waitrose.com/ecom/products/nairns-stem-ginger-oat-biscuits-4x5/040644-20075-20076,Nairn's Stem Ginger Oat Biscuits 4x5,200g,£1.75,87.5p/100g,,Dietary & Lifestyle
485113,Actimel Immunity Multifruit Live Yogurt Drinks Large Pack,G,true,901,https://ecom-su-static-prod.wtrecom.com/images/products/3/LN_485113_BP_3.jpg,https://www.waitrose.com/ecom/products/actimel-immunity-multifruit-live-yogurt-drinks-large-pack/485113-68517-68518,Actimel Immunity Multifruit Live Yogurt Drinks Large Pack,12x100g,£3.00,25p/100g,save £1.75. Was £4.75,Dietary & Lifestyle
784812,Waitrose Frozen Sweet Potato Oven Chips,G,false,902,https://ecom-su-static-prod.wtrecom.com/images/products/3/LN_784812_BP_3.jpg,https://www.waitrose.com/ecom/products/waitrose-frozen-sweet-potato-oven-chips/784812-159646-159647,Waitrose Frozen Sweet Potato Oven Chips,500g,£3.20,£6.40/kg,,Dietary & Lifestyle
560280,Propercorn Lightly Sea Salted,G,false,903,https://ecom-su-static-prod.wtrecom.com/images/products/3/LN_560280_BP_3.jpg,https://www.waitrose.com/ecom/products/propercorn-lightly-sea-salted/560280-585545-585546,Propercorn Lightly Sea Salted,6x10g,£2.00,£3.34/100g,,Dietary & Lifestyle
835560,Kellogg's Special K Original Breakfast Cereal Large Pack,G,false,904,https://ecom-su-static-prod.wtrecom.com/images/products/3/LN_835560_BP_3.jpg,https://www.waitrose.com/ecom/products/kelloggs-special-k-original-breakfast-cereal-large-pack/835560-723038-723039,Kellogg's Special K Original Breakfast Cereal Large Pack,750g,£4.75,63.3p/100g,,Dietary & Lifestyle
523974,Essential Cheese Sauce,G,false,905,https://ecom-su-static-prod.wtrecom.com/images/products/3/LN_523974_BP_3.jpg,https://www.waitrose.com/ecom/products/essential-cheese-sauce/523974-74112-74113,Essential Cheese Sauce,350g,£1.95,55.7p/100g,,Dietary & Lifestyle
367771,Waitrose Creamy Butternut Squash & Tarragon Soup,G,false,906,https://ecom-su-static-prod.wtrecom.com/images/products/3/LN_367771_BP_3.jpg,https://www.waitrose.com/ecom/products/waitrose-creamy-butternut-squash-tarragon-soup/367771-135275-135276,Waitrose Creamy Butternut Squash & Tarragon Soup,600g,£2.85,47.5p/100g,,Dietary & Lifestyle
081332,Kellogg's Special K Red Berries Breakfast Cereal,G,false,907,https://ecom-su-static-prod.wtrecom.com/images/products/3/LN_081332_BP_3.jpg,https://www.waitrose.com/ecom/products/kelloggs-special-k-red-berries-breakfast-cereal/081332-41366-41367,Kellogg's Special K Red Berries Breakfast Cereal,500g,£4.75,95p/100g,,Dietary & Lifestyle
010001,Alpro Soya Long Life No Sugar Dairy Free Milk Alternative,G,true,908,https://ecom-su-static-prod.wtrecom.com/images/products/3/LN_010001_BP_3.jpg,https://www.waitrose.com/ecom/products/alpro-soya-long-life-no-sugar-dairy-free-milk-alternative/010001-4990-4991,Alpro Soya Long Life No Sugar Dairy Free Milk Alternative,1litre,£1.50,£1.50/litre,save 70p. Was £2.20,Dietary & Lifestyle
690736,The Cheeky Panda Toilet Tissues,G,false,909,https://ecom-su-static-prod.wtrecom.com/images/products/3/LN_690736_BP_3.jpg,https://www.waitrose.com/ecom/products/the-cheeky-panda-toilet-tissues/690736-757719-757720,The Cheeky Panda Toilet Tissues,9x200 sheets,£8.00,44.4p/100 sheets,,Dietary & Lifestyle
511572,Waitrose Smitten Apples,G,false,910,https://ecom-su-static-prod.wtrecom.com/images/products/3/LN_511572_BP_3.jpg,https://www.waitrose.com/ecom/products/waitrose-smitten-apples/511572-538633-538634,Waitrose Smitten Apples,4s,£2.10,52.5p each,,Dietary & Lifestyle
583738,Muller Rice Original Low Fat Pudding,G,false,911,https://ecom-su-static-prod.wtrecom.com/images/products/3/LN_583738_BP_3.jpg,https://www.waitrose.com/ecom/products/muller-rice-original-low-fat-pudding/583738-82737-82738,Muller Rice Original Low Fat Pudding,170g,95p,55.9p/100g,,Dietary & Lifestyle
061892,Heinz Baked Beans No Added Sugar,G,true,912,https://ecom-su-static-prod.wtrecom.com/images/products/3/LN_061892_BP_3.jpg,https://www.waitrose.com/ecom/products/heinz-baked-beans-no-added-sugar/061892-31373-31374,Heinz Baked Beans No Added Sugar,415g,£1.40,£3.38/kg,Add 2 for £2,Dietary & Lifestyle
727658,Dorset Cereals Simply Fruity Muesli Cereal,G,true,913,https://ecom-su-static-prod.wtrecom.com/images/products/3/LN_727658_BP_3.jpg,https://www.waitrose.com/ecom/products/dorset-cereals-simply-fruity-muesli-cereal/727658-103365-103366,Dorset Cereals Simply Fruity Muesli Cereal,630g,£2.65,42.1p/100g,save 90p. Was £3.55,Dietary & Lifestyle
751726,Waitrose 20 Native Breed Reduced Fat Beef Meatballs,G,false,914,https://ecom-su-static-prod.wtrecom.com/images/products/3/LN_751726_BP_3.jpg,https://www.waitrose.com/ecom/products/waitrose-20-native-breed-reduced-fat-beef-meatballs/751726-538883-538884,Waitrose 20 Native Breed Reduced Fat Beef Meatballs,300g,£3.95,£13.17/kg,,Dietary & Lifestyle
058020,Evian Still Mineral Water,G,true,915,https://ecom-su-static-prod.wtrecom.com/images/products/3/LN_058020_BP_3.jpg,https://www.waitrose.com/ecom/products/evian-still-mineral-water/058020-29120-29121,Evian Still Mineral Water,1.5litre,£1.00,6.7p/100ml,save 40p. Was £1.40,Dietary & Lifestyle
762992,Alpro Oat Milk Long Life No Sugar Dairy Free Milk Alternative,G,true,916,https://ecom-su-static-prod.wtrecom.com/images/products/3/LN_762992_BP_3.jpg,https://www.waitrose.com/ecom/products/alpro-oat-milk-long-life-no-sugar-dairy-free-milk-alternative/762992-677502-677503,Alpro Oat Milk Long Life No Sugar Dairy Free Milk Alternative,1litre,£1.50,£1.50/litre,save 90p. Was £2.40,Dietary & Lifestyle
694741,Waitrose Pimento Stuffed Greek Halkidiki Olives,G,true,917,https://ecom-su-static-prod.wtrecom.com/images/products/3/LN_694741_BP_3.jpg,https://www.waitrose.com/ecom/products/waitrose-pimento-stuffed-greek-halkidiki-olives/694741-202395-202396,Waitrose Pimento Stuffed Greek Halkidiki Olives,150g,£3.75,£2.50/100g,Add 2 for £5.50,Dietary & Lifestyle
813179,Lizis Low Sugar Nuts & Seeds Granola,G,true,918,https://ecom-su-static-prod.wtrecom.com/images/products/3/LN_813179_BP_3.jpg,https://www.waitrose.com/ecom/products/lizis-low-sugar-nuts-seeds-granola/813179-371862-371863,Lizis Low Sugar Nuts & Seeds Granola,450g,£2.65,58.9p/100g,Save 1/3. Was £4.20,Dietary & Lifestyle
001081,Kellogg's All-Bran Original Breakfast Cereal Large Pack,G,false,919,https://ecom-su-static-prod.wtrecom.com/images/products/3/LN_001081_BP_3.jpg,https://www.waitrose.com/ecom/products/kelloggs-all-bran-original-breakfast-cereal-large-pack/001081-57-58,Kellogg's All-Bran Original Breakfast Cereal Large Pack,750g,£3.40,45.3p/100g,,Dietary & Lifestyle
734557,Waitrose 2 Poached Lemon & Herb Salmon Fillets,G,false,920,https://ecom-su-static-prod.wtrecom.com/images/products/3/LN_734557_BP_3.jpg,https://www.waitrose.com/ecom/products/waitrose-2-poached-lemon-herb-salmon-fillets/734557-229953-229954,Waitrose 2 Poached Lemon & Herb Salmon Fillets,170g,£6.95,£40.89/kg,,Dietary & Lifestyle
880866,Essential Frozen Pineapple Chunks,G,false,921,https://ecom-su-static-prod.wtrecom.com/images/products/3/LN_880866_BP_3.jpg,https://www.waitrose.com/ecom/products/essential-frozen-pineapple-chunks/880866-679299-679300,Essential Frozen Pineapple Chunks,500g,£2.35,47p/100g,,Dietary & Lifestyle
897543,Waitrose Free From Gluten Fusilli,G,false,922,https://ecom-su-static-prod.wtrecom.com/images/products/3/LN_897543_BP_3.jpg,https://www.waitrose.com/ecom/products/waitrose-free-from-gluten-fusilli/897543-174835-174836,Waitrose Free From Gluten Fusilli,500g,£1.75,£3.50/kg,,Dietary & Lifestyle
548379,Bio-tiful Dairy Natural Kefir Drink,G,false,923,https://ecom-su-static-prod.wtrecom.com/images/products/3/LN_548379_BP_3.jpg,https://www.waitrose.com/ecom/products/bio-tiful-dairy-natural-kefir-drink/548379-661659-661660,Bio-tiful Dairy Natural Kefir Drink,500ml,£2.75,55p/100ml,,Dietary & Lifestyle
824840,Soreen 5 Lunchbox Loaves Banana,G,true,924,https://ecom-su-static-prod.wtrecom.com/images/products/3/LN_824840_BP_3.jpg,https://www.waitrose.com/ecom/products/soreen-5-lunchbox-loaves-banana/824840-451922-451923,Soreen 5 Lunchbox Loaves Banana,5s,£1.52,£1.02/100g,20% Off. Was £1.90,Dietary & Lifestyle
758216,Essential Fat Free Natural Yogurt,G,false,925,https://ecom-su-static-prod.wtrecom.com/images/products/3/LN_758216_BP_3.jpg,https://www.waitrose.com/ecom/products/essential-fat-free-natural-yogurt/758216-107855-107856,Essential Fat Free Natural Yogurt,500g,90p,18p/100g,,Dietary & Lifestyle
834399,Waitrose Chocolate Coated Peanuts,G,false,926,https://ecom-su-static-prod.wtrecom.com/images/products/3/LN_834399_BP_3.jpg,https://www.waitrose.com/ecom/products/waitrose-chocolate-coated-peanuts/834399-368368-368369,Waitrose Chocolate Coated Peanuts,135g,£1.80,£1.34/100g,,Dietary & Lifestyle
892134,Waitrose Soft Prunes,G,false,927,https://ecom-su-static-prod.wtrecom.com/images/products/3/LN_892134_BP_3.jpg,https://www.waitrose.com/ecom/products/waitrose-soft-prunes/892134-492252-492253,Waitrose Soft Prunes,250g,£2.25,90p/100g,,Dietary & Lifestyle
829016,The Tofoo Co. Naked XL,G,true,928,https://ecom-su-static-prod.wtrecom.com/images/products/3/LN_829016_BP_3.jpg,https://www.waitrose.com/ecom/products/the-tofoo-co-naked-xl/829016-745754-745755,The Tofoo Co. Naked XL,450g,£3.55,£7.89/kg,"£7 Stir Fry Meal Deal: Add protein, veg, sauce & rice or noodles",Dietary & Lifestyle
867418,Waitrose Bramley Apple Pie,G,false,929,https://ecom-su-static-prod.wtrecom.com/images/products/3/LN_867418_BP_3.jpg,https://www.waitrose.com/ecom/products/waitrose-bramley-apple-pie/867418-620215-620216,Waitrose Bramley Apple Pie,550g,£3.95,71.8p/100g,,Dietary & Lifestyle
068030,Real Foods Corn Thins Original,G,false,930,https://ecom-su-static-prod.wtrecom.com/images/products/3/LN_068030_BP_3.jpg,https://www.waitrose.com/ecom/products/real-foods-corn-thins-original/068030-34527-34528,Real Foods Corn Thins Original,150g,£1.40,93.3p/100g,,Dietary & Lifestyle
088174,Essential Home Ripening Nectarines,G,false,931,https://ecom-su-static-prod.wtrecom.com/images/products/3/LN_088174_BP_3.jpg,https://www.waitrose.com/ecom/products/essential-home-ripening-nectarines/088174-372146-45147,Essential Home Ripening Nectarines,4s,£2.80,70p each,,Dietary & Lifestyle
710682,Waitrose Wild Red Salmon,G,false,932,https://ecom-su-static-prod.wtrecom.com/images/products/3/LN_710682_BP_3.jpg,https://www.waitrose.com/ecom/products/waitrose-wild-red-salmon/710682-100962-100963,Waitrose Wild Red Salmon,213g,£3.50,£1.65/100g,,Dietary & Lifestyle
884324,Heinz Baked Beans Value 4 Pack,G,true,933,https://ecom-su-static-prod.wtrecom.com/images/products/3/LN_884324_BP_3.jpg,https://www.waitrose.com/ecom/products/heinz-baked-beans-value-4-pack/884324-809310-809311,Heinz Baked Beans Value 4 Pack,4x200g,£3.50,£4.38/kg,Add 2 for £5,Dietary & Lifestyle
006224,Waitrose White Canadian Bread Flour,G,false,934,https://ecom-su-static-prod.wtrecom.com/images/products/3/LN_006224_BP_3.jpg,https://www.waitrose.com/ecom/products/waitrose-white-canadian-bread-flour/006224-2744-2745,Waitrose White Canadian Bread Flour,1.5kg,£2.00,£1.34/kg,,Dietary & Lifestyle
061653,Waitrose Lemon & Coriander Houmous,G,true,935,https://ecom-su-static-prod.wtrecom.com/images/products/3/LN_061653_BP_3.jpg,https://www.waitrose.com/ecom/products/waitrose-lemon-coriander-houmous/061653-31244-31245,Waitrose Lemon & Coriander Houmous,200g,£1.75,87.5p/100g,Add 2 for £2.50,Dietary & Lifestyle
066572,Waitrose Frozen Breaded Chicken Breast Mini Fillets,G,false,936,https://ecom-su-static-prod.wtrecom.com/images/products/3/LN_066572_BP_3.jpg,https://www.waitrose.com/ecom/products/waitrose-frozen-breaded-chicken-breast-mini-fillets/066572-33711-33712,Waitrose Frozen Breaded Chicken Breast Mini Fillets,380g,£4.30,£11.32/kg,,Dietary & Lifestyle
059577,Whole Earth Corn Flakes,G,false,937,https://ecom-su-static-prod.wtrecom.com/images/products/3/LN_059577_BP_3.jpg,https://www.waitrose.com/ecom/products/whole-earth-corn-flakes/059577-30038-30039,Whole Earth Corn Flakes,375g,£1.85,49.3p/100g,,Dietary & Lifestyle
475607,Waitrose Strawberry Jam & Cream Doughnuts,G,false,938,https://ecom-su-static-prod.wtrecom.com/images/products/3/LN_475607_BP_3.jpg,https://www.waitrose.com/ecom/products/waitrose-strawberry-jam-cream-doughnuts/475607-373115-373116,Waitrose Strawberry Jam & Cream Doughnuts,2s,£2.35,£1.18 each,,Dietary & Lifestyle
806230,Waitrose Dried Cranberries,G,false,939,https://ecom-su-static-prod.wtrecom.com/images/products/3/LN_806230_BP_3.jpg,https://www.waitrose.com/ecom/products/waitrose-dried-cranberries/806230-492163-492164,Waitrose Dried Cranberries,180g,£3.50,£19.45/kg,,Dietary & Lifestyle
455533,DA-SH Water Raspberry Infused Sparkling Water,G,true,940,https://ecom-su-static-prod.wtrecom.com/images/products/3/LN_455533_BP_3.jpg,https://www.waitrose.com/ecom/products/da-sh-water-raspberry-infused-sparkling-water/455533-697860-697861,DA-SH Water Raspberry Infused Sparkling Water,4x330ml,£4.70,35.6p/100ml,Add 2 for £5.50,Dietary & Lifestyle
631083,Charlie Bigham's Meatballs Al Forno for 2,G,false,941,https://ecom-su-static-prod.wtrecom.com/images/products/3/LN_631083_BP_3.jpg,https://www.waitrose.com/ecom/products/charlie-bighams-meatballs-al-forno-for-2/631083-136409-136410,Charlie Bigham's Meatballs Al Forno for 2,650g,£9.50,£14.62/kg,,Dietary & Lifestyle
006220,Essential Strong Wholemeal Bread Wheat Flour,G,false,942,https://ecom-su-static-prod.wtrecom.com/images/products/3/LN_006220_BP_3.jpg,https://www.waitrose.com/ecom/products/essential-strong-wholemeal-bread-wheat-flour/006220-2736-2737,Essential Strong Wholemeal Bread Wheat Flour,1.5kg,£1.50,£1/kg,,Dietary & Lifestyle
096496,Sesame Snaps,G,false,943,https://ecom-su-static-prod.wtrecom.com/images/products/3/LN_096496_BP_3.jpg,https://www.waitrose.com/ecom/products/sesame-snaps/096496-49358-49359,Sesame Snaps,4x30g,£1.20,£1/100g,,Dietary & Lifestyle
088065,Essential Blackberries,G,false,944,https://ecom-su-static-prod.wtrecom.com/images/products/3/LN_088065_BP_3.jpg,https://www.waitrose.com/ecom/products/essential-blackberries/088065-45057-45058,Essential Blackberries,150g,£2.50,£16.67/kg,,Dietary & Lifestyle
522498,Soreen 5 Lunchbox Loaves,G,true,945,https://ecom-su-static-prod.wtrecom.com/images/products/3/LN_522498_BP_3.jpg,https://www.waitrose.com/ecom/products/soreen-5-lunchbox-loaves/522498-451616-451617,Soreen 5 Lunchbox Loaves,150g,£1.52,£1.02/100g,20% Off. Was £1.90,Dietary & Lifestyle
085148,Essential Parsnips,G,false,946,https://ecom-su-static-prod.wtrecom.com/images/products/3/LN_085148_BP_3.jpg,https://www.waitrose.com/ecom/products/essential-parsnips/085148-43238-43239,Essential Parsnips,500g,75p,£1.50/kg,,Dietary & Lifestyle
484412,Waitrose Hot Smoked Scottish Salmon Flakes,G,false,947,https://ecom-su-static-prod.wtrecom.com/images/products/3/LN_484412_BP_3.jpg,https://www.waitrose.com/ecom/products/waitrose-hot-smoked-scottish-salmon-flakes/484412-68403-68404,Waitrose Hot Smoked Scottish Salmon Flakes,100g,£4.95,£4.95/100g,,Dietary & Lifestyle
005045,"Pizza Express Classic Margherita, Mozzarella",G,false,948,https://ecom-su-static-prod.wtrecom.com/images/products/3/LN_005045_BP_3.jpg,https://www.waitrose.com/ecom/products/pizza-express-classic-margherita-mozzarella/005045-2167-2168,"Pizza Express Classic Margherita, Mozzarella",245g,£6.00,£24.49/kg,,Dietary & Lifestyle
650927,The Collective Straight Up Greek Style Yogurt Alternative,G,false,949,https://ecom-su-static-prod.wtrecom.com/images/products/3/LN_650927_BP_3.jpg,https://www.waitrose.com/ecom/products/the-collective-straight-up-greek-style-yogurt-alternative/650927-538794-538795,The Collective Straight Up Greek Style Yogurt Alternative,900g,£3.50,38.9p/100g,,Dietary & Lifestyle
058567,Waitrose Speciality Figs,G,false,950,https://ecom-su-static-prod.wtrecom.com/images/products/3/LN_058567_BP_3.jpg,https://www.waitrose.com/ecom/products/waitrose-speciality-figs/058567-29471-29472,Waitrose Speciality Figs,230g,£3.95,£17.18/kg,,Dietary & Lifestyle
088580,Essential Red Grapes,G,false,951,https://ecom-su-static-prod.wtrecom.com/images/products/3/LN_088580_BP_3.jpg,https://www.waitrose.com/ecom/products/essential-red-grapes/088580-45469-45470,Essential Red Grapes,,£4.00,per kg,,Dietary & Lifestyle
054233,Essential Frozen British Cauliflower Florets,G,false,952,https://ecom-su-static-prod.wtrecom.com/images/products/3/LN_054233_BP_3.jpg,https://www.waitrose.com/ecom/products/essential-frozen-british-cauliflower-florets/054233-27219-27220,Essential Frozen British Cauliflower Florets,750g,£1.30,£1.74/kg,,Dietary & Lifestyle
001324,Essential Spinach,G,false,953,https://ecom-su-static-prod.wtrecom.com/images/products/3/LN_001324_BP_3.jpg,https://www.waitrose.com/ecom/products/essential-spinach/001324-228-229,Essential Spinach,450g,£2.70,£6/kg,,Dietary & Lifestyle
414649,Cauldron Falafels,G,false,954,https://ecom-su-static-prod.wtrecom.com/images/products/3/LN_414649_BP_3.jpg,https://www.waitrose.com/ecom/products/cauldron-falafels/414649-58340-58341,Cauldron Falafels,200g,£2.65,£13.25/kg,,Dietary & Lifestyle
765215,Waitrose 12 Belgian Chocolate Profiteroles,G,false,955,https://ecom-su-static-prod.wtrecom.com/images/products/3/LN_765215_BP_3.jpg,https://www.waitrose.com/ecom/products/waitrose-12-belgian-chocolate-profiteroles/765215-373537-373538,Waitrose 12 Belgian Chocolate Profiteroles,230g,£3.50,£1.53/100g,,Dietary & Lifestyle
817933,Crosta & Mollica Piadina Flatbreads,G,false,956,https://ecom-su-static-prod.wtrecom.com/images/products/3/LN_817933_BP_3.jpg,https://www.waitrose.com/ecom/products/crosta-mollica-piadina-flatbreads/817933-198092-198093,Crosta & Mollica Piadina Flatbreads,3s,£2.00,,,Dietary & Lifestyle
660487,No.1 Madagascan Dark Chocolate 75%,G,false,957,https://ecom-su-static-prod.wtrecom.com/images/products/3/LN_660487_BP_3.jpg,https://www.waitrose.com/ecom/products/no1-madagascan-dark-chocolate-75/660487-706936-706937,No.1 Madagascan Dark Chocolate 75%,100g,£2.25,£2.25/100g,,Dietary & Lifestyle
768275,Cooks' Ingredients Red & Green Chillies,G,false,958,https://ecom-su-static-prod.wtrecom.com/images/products/3/LN_768275_BP_3.jpg,https://www.waitrose.com/ecom/products/cooks-ingredients-red-green-chillies/768275-299477-299478,Cooks' Ingredients Red & Green Chillies,50g,65p,£13/kg,,Dietary & Lifestyle
447089,Deliciously Ella Gluten Free & Vegan Cacao & Almond Bars,G,false,959,https://ecom-su-static-prod.wtrecom.com/images/products/3/LN_447089_BP_3.jpg,https://www.waitrose.com/ecom/products/deliciously-ella-gluten-free-vegan-cacao-almond-bars/447089-666638-666639,Deliciously Ella Gluten Free & Vegan Cacao & Almond Bars,3x50g,£2.80,£1.87/100g,,Dietary & Lifestyle
790777,Easy to Cook Pork Schnitzel,G,true,960,https://ecom-su-static-prod.wtrecom.com/images/products/3/LN_790777_BP_3.jpg,https://www.waitrose.com/ecom/products/easy-to-cook-pork-schnitzel/790777-542360-542361,Easy to Cook Pork Schnitzel,Typical weight 286g,£5.00,£17.49/kg,Add 3 for £12,Dietary & Lifestyle
009014,Waitrose Mint Assortment,G,false,961,https://ecom-su-static-prod.wtrecom.com/images/products/3/LN_009014_BP_3.jpg,https://www.waitrose.com/ecom/products/waitrose-mint-assortment/009014-4307-4308,Waitrose Mint Assortment,200g,£1.50,75p/100g,,Dietary & Lifestyle
655494,HECK 97% Pork Gluten Free Sausages 6 pack,G,false,962,https://ecom-su-static-prod.wtrecom.com/images/products/3/LN_655494_BP_3.jpg,https://www.waitrose.com/ecom/products/heck-97-pork-gluten-free-sausages-6-pack/655494-349924-349925,HECK 97% Pork Gluten Free Sausages 6 pack,400g,£3.50,£8.75/kg,,Dietary & Lifestyle
053667,Müller Rice Apple Low Fat Pudding,G,false,963,https://ecom-su-static-prod.wtrecom.com/images/products/3/LN_053667_BP_3.jpg,https://www.waitrose.com/ecom/products/muller-rice-apple-low-fat-pudding/053667-26889-26890,Müller Rice Apple Low Fat Pudding,170g,95p,55.9p/100g,,Dietary & Lifestyle
834154,Essential Frozen Cheese & Tomato Pizza,G,false,964,https://ecom-su-static-prod.wtrecom.com/images/products/3/LN_834154_BP_3.jpg,https://www.waitrose.com/ecom/products/essential-frozen-cheese-tomato-pizza/834154-380404-380405,Essential Frozen Cheese & Tomato Pizza,230g,£1.40,£6.09/kg,,Dietary & Lifestyle
844325,Cooks' Ingredients Mixed Chillies,G,false,965,https://ecom-su-static-prod.wtrecom.com/images/products/3/LN_844325_BP_3.jpg,https://www.waitrose.com/ecom/products/cooks-ingredients-mixed-chillies/844325-295850-295851,Cooks' Ingredients Mixed Chillies,70g,£1.00,£14.29/kg,,Dietary & Lifestyle
066545,New Covent Garden Potato & Leek Soup,G,false,966,https://ecom-su-static-prod.wtrecom.com/images/products/3/LN_066545_BP_3.jpg,https://www.waitrose.com/ecom/products/new-covent-garden-potato-leek-soup/066545-33697-33698,New Covent Garden Potato & Leek Soup,560g,£2.35,42p/100g,,Dietary & Lifestyle
832654,"Waitrose Chickpea, Spinach & Quinoa",G,true,967,https://ecom-su-static-prod.wtrecom.com/images/products/3/LN_832654_BP_3.jpg,https://www.waitrose.com/ecom/products/waitrose-chickpea-spinach-quinoa/832654-620139-620140,"Waitrose Chickpea, Spinach & Quinoa",300g,£2.50,£8.34/kg,£8 Chicken Dinner Meal Deal: Add 1 Main & 2 Extras,Dietary & Lifestyle
765106,Charlie Bigham's Steak & Ale Full Pastry Pie,G,true,968,https://ecom-su-static-prod.wtrecom.com/images/products/3/LN_765106_BP_3.jpg,https://www.waitrose.com/ecom/products/charlie-bighams-steak-ale-full-pastry-pie/765106-707126-707127,Charlie Bigham's Steak & Ale Full Pastry Pie,270g,£5.00,£1.86/100g,Add 2 for £9,Dietary & Lifestyle
020915,Essential Prunes in Syrup,G,false,969,https://ecom-su-static-prod.wtrecom.com/images/products/3/LN_020915_BP_3.jpg,https://www.waitrose.com/ecom/products/essential-prunes-in-syrup/020915-10167-10168,Essential Prunes in Syrup,drained 235g,£1.20,£5.11/kg,,Dietary & Lifestyle
651501,Waitrose Decaf Gold Roast Instant Coffee,G,false,970,https://ecom-su-static-prod.wtrecom.com/images/products/3/LN_651501_BP_3.jpg,https://www.waitrose.com/ecom/products/waitrose-decaf-gold-roast-instant-coffee/651501-156269-156270,Waitrose Decaf Gold Roast Instant Coffee,100g,£3.50,£3.50/100g,,Dietary & Lifestyle
008601,Waitrose Demerara Sugar,G,false,971,https://ecom-su-static-prod.wtrecom.com/images/products/3/LN_008601_BP_3.jpg,https://www.waitrose.com/ecom/products/waitrose-demerara-sugar/008601-4099-4100,Waitrose Demerara Sugar,500g,£1.65,£3.30/kg,,Dietary & Lifestyle
001206,Essential Rice Pops,G,false,972,https://ecom-su-static-prod.wtrecom.com/images/products/3/LN_001206_BP_3.jpg,https://www.waitrose.com/ecom/products/essential-rice-pops/001206-148-149,Essential Rice Pops,440g,£1.50,34.1p/100g,,Dietary & Lifestyle
500518,Activia Rhubarb & Mixed Fruit Gut Health Yogurt Multipack,G,false,973,https://ecom-su-static-prod.wtrecom.com/images/products/3/LN_500518_BP_3.jpg,https://www.waitrose.com/ecom/products/activia-rhubarb-mixed-fruit-gut-health-yogurt-multipack/500518-690784-690784,Activia Rhubarb & Mixed Fruit Gut Health Yogurt Multipack,8x115g,£4.40,47.8p/100g,,Dietary & Lifestyle
661740,Clipper Organic Fairtrade 80 Tea Bags,G,false,974,https://ecom-su-static-prod.wtrecom.com/images/products/3/LN_661740_BP_3.jpg,https://www.waitrose.com/ecom/products/clipper-organic-fairtrade-80-tea-bags/661740-693050-693051,Clipper Organic Fairtrade 80 Tea Bags,232g,£3.95,£1.71/100g,,Dietary & Lifestyle
664647,Waitrose Portabella Mushrooms,G,false,975,https://ecom-su-static-prod.wtrecom.com/images/products/3/LN_664647_BP_3.jpg,https://www.waitrose.com/ecom/products/waitrose-portabella-mushrooms/664647-127707-127708,Waitrose Portabella Mushrooms,275g,£2.20,£8/kg,,Dietary & Lifestyle
011179,Essential Mixed Grapefruit Segments in Syrup,G,false,976,https://ecom-su-static-prod.wtrecom.com/images/products/3/LN_011179_BP_3.jpg,https://www.waitrose.com/ecom/products/essential-mixed-grapefruit-segments-in-syrup/011179-5558-5559,Essential Mixed Grapefruit Segments in Syrup,drained 290g,£1.20,£4.14/kg,,Dietary & Lifestyle
432624,Essential Fat Free Quark Soft Cheese Strength 1,G,false,977,https://ecom-su-static-prod.wtrecom.com/images/products/3/LN_432624_BP_3.jpg,https://www.waitrose.com/ecom/products/essential-fat-free-quark-soft-cheese-strength-1/432624-586410-586411,Essential Fat Free Quark Soft Cheese Strength 1,250g,£1.00,£4/kg,,Dietary & Lifestyle
019521,019521 - Essential Flageolet Beans in Water,G,false,978,https://ecom-su-static-prod.wtrecom.com/images/products/3/LN_019521_BP_3.jpg,https://www.waitrose.com/ecom/products/019521-essential-flageolet-beans-in-water/019521-9449-9450,019521 - Essential Flageolet Beans in Water,drained 265g,70p,£2.65/kg,,Dietary & Lifestyle
898302,Innocent Pure Apple Fruit Juice Large,G,true,979,https://ecom-su-static-prod.wtrecom.com/images/products/3/LN_898302_BP_3.jpg,https://www.waitrose.com/ecom/products/innocent-pure-apple-fruit-juice-large/898302-166885-166886,Innocent Pure Apple Fruit Juice Large,1.35litre,£3.00,£2.23/litre,save £1.30. Was £4.30,Dietary & Lifestyle
087107,Crespo Pitted Green Olives Garlic & Herb,G,true,980,https://ecom-su-static-prod.wtrecom.com/images/products/3/LN_087107_BP_3.jpg,https://www.waitrose.com/ecom/products/crespo-pitted-green-olives-garlic-herb/087107-44512-44513,Crespo Pitted Green Olives Garlic & Herb,70g,£1.10,£1.58/100g,25% Off. Was £1.50,Dietary & Lifestyle
626344,Waitrose Baby Parsnips,G,false,981,https://ecom-su-static-prod.wtrecom.com/images/products/3/LN_626344_BP_3.jpg,https://www.waitrose.com/ecom/products/waitrose-baby-parsnips/626344-497906-497907,Waitrose Baby Parsnips,300g,£1.80,£6/kg,,Dietary & Lifestyle
025848,Easy to Cook Butter-Basted Chicken Breast Joint,G,false,982,https://ecom-su-static-prod.wtrecom.com/images/products/3/LN_025848_BP_3.jpg,https://www.waitrose.com/ecom/products/easy-to-cook-butter-basted-chicken-breast-joint/025848-12608-12609,Easy to Cook Butter-Basted Chicken Breast Joint,510g,£6.00,£11.77/kg,,Dietary & Lifestyle
796402,Fullgreen Riced Cauliflower,G,true,983,https://ecom-su-static-prod.wtrecom.com/images/products/3/LN_796402_BP_3.jpg,https://www.waitrose.com/ecom/products/fullgreen-riced-cauliflower/796402-450668-450669,Fullgreen Riced Cauliflower,200g,£2.10,£10.50/kg,Add 2 for £3,Dietary & Lifestyle
508667,Yakult Balance Fat Free Yogurt Drinks,G,false,984,https://ecom-su-static-prod.wtrecom.com/images/products/3/LN_508667_BP_3.jpg,https://www.waitrose.com/ecom/products/yakult-balance-fat-free-yogurt-drinks/508667-805114-805115,Yakult Balance Fat Free Yogurt Drinks,8x65ml,£3.95,76p/100ml,,Dietary & Lifestyle
757125,John West No Drain Tuna Steak in Spring Water,G,false,985,https://ecom-su-static-prod.wtrecom.com/images/products/3/LN_757125_BP_3.jpg,https://www.waitrose.com/ecom/products/john-west-no-drain-tuna-steak-in-spring-water/757125-631551-631552,John West No Drain Tuna Steak in Spring Water,3x60g,£3.60,£2/100g,,Dietary & Lifestyle
405553,Nature Valley Protein Bars Peanut & Chocolate,G,false,986,https://ecom-su-static-prod.wtrecom.com/images/products/3/LN_405553_BP_3.jpg,https://www.waitrose.com/ecom/products/nature-valley-protein-bars-peanut-chocolate/405553-506124-506125,Nature Valley Protein Bars Peanut & Chocolate,4x40g,£3.15,£1.97/100g,,Dietary & Lifestyle
483399,Lizi's High Protein Nuts & Seeds Granola,G,true,987,https://ecom-su-static-prod.wtrecom.com/images/products/3/LN_483399_BP_3.jpg,https://www.waitrose.com/ecom/products/lizis-high-protein-nuts-seeds-granola/483399-566327-566328,Lizi's High Protein Nuts & Seeds Granola,350g,£2.65,75.7p/100g,Save 1/3. Was £4.20,Dietary & Lifestyle
590890,Alpro Soya Vanilla Dairy Free Yogurt Alternative,G,true,988,https://ecom-su-static-prod.wtrecom.com/images/products/3/LN_590890_BP_3.jpg,https://www.waitrose.com/ecom/products/alpro-soya-vanilla-dairy-free-yogurt-alternative/590890-83748-83749,Alpro Soya Vanilla Dairy Free Yogurt Alternative,500g,£1.50,30p/100g,save 70p. Was £2.20,Dietary & Lifestyle
724642,Arla Lactose Free Single Cream Alternative,G,false,989,https://ecom-su-static-prod.wtrecom.com/images/products/3/LN_724642_BP_3.jpg,https://www.waitrose.com/ecom/products/arla-lactose-free-single-cream-alternative/724642-280765-280766,Arla Lactose Free Single Cream Alternative,250ml,£1.70,68p/100ml,,Dietary & Lifestyle
893674,nakd. Cocoa Orange Fruit & Nut Bars Multipack,G,false,990,https://ecom-su-static-prod.wtrecom.com/images/products/3/LN_893674_BP_3.jpg,https://www.waitrose.com/ecom/products/nakd-cocoa-orange-fruit-nut-bars-multipack/893674-166879-166880,nakd. Cocoa Orange Fruit & Nut Bars Multipack,4x35g,£3.15,£2.25/100g,,Dietary & Lifestyle
630668,Waitrose Seeded Oatcakes,G,false,991,https://ecom-su-static-prod.wtrecom.com/images/products/3/LN_630668_BP_3.jpg,https://www.waitrose.com/ecom/products/waitrose-seeded-oatcakes/630668-327960-327961,Waitrose Seeded Oatcakes,250g,£1.00,40p/100g,,Dietary & Lifestyle
423564,Charlie Bigham's Cottage Pie for 2,G,true,992,https://ecom-su-static-prod.wtrecom.com/images/products/3/LN_423564_BP_3.jpg,https://www.waitrose.com/ecom/products/charlie-bighams-cottage-pie-for-2/423564-136277-136278,Charlie Bigham's Cottage Pie for 2,650g,£8.50,£13.08/kg,save £1.00. Was £9.50,Dietary & Lifestyle
096486,Jordans Frusli Juicy Red Berry Cereal Bars,G,true,993,https://ecom-su-static-prod.wtrecom.com/images/products/3/LN_096486_BP_3.jpg,https://www.waitrose.com/ecom/products/jordans-frusli-juicy-red-berry-cereal-bars/096486-49356-49357,Jordans Frusli Juicy Red Berry Cereal Bars,6x30g,£1.50,83.3p/100g,save 90p. Was £2.40,Dietary & Lifestyle
419823,Waitrose Pumpkin & Pine Nut Fiorelli,G,false,994,https://ecom-su-static-prod.wtrecom.com/images/products/3/LN_419823_BP_3.jpg,https://www.waitrose.com/ecom/products/waitrose-pumpkin-pine-nut-fiorelli/419823-793202-793203,Waitrose Pumpkin & Pine Nut Fiorelli,250g,£3.60,£1.44/100g,,Dietary & Lifestyle
026935,Waitrose Roast Potatoes,G,false,995,https://ecom-su-static-prod.wtrecom.com/images/products/3/LN_026935_BP_3.jpg,https://www.waitrose.com/ecom/products/waitrose-roast-potatoes/026935-13105-13106,Waitrose Roast Potatoes,450g,£3.25,£7.23/kg,,Dietary & Lifestyle
001074,Kellogg's Bran Flakes Breakfast Cereal Large Pack,G,false,996,https://ecom-su-static-prod.wtrecom.com/images/products/3/LN_001074_BP_3.jpg,https://www.waitrose.com/ecom/products/kelloggs-bran-flakes-breakfast-cereal-large-pack/001074-51-52,Kellogg's Bran Flakes Breakfast Cereal Large Pack,750g,£3.20,42.7p/100g,,Dietary & Lifestyle
527401,Gü Dark Chocolate Mousses with Ganache,G,false,997,https://ecom-su-static-prod.wtrecom.com/images/products/3/LN_527401_BP_3.jpg,https://www.waitrose.com/ecom/products/gu-dark-chocolate-mousses-with-ganache/527401-724965-724966,Gü Dark Chocolate Mousses with Ganache,2x70g,£3.95,£2.83/100g,,Dietary & Lifestyle
043826,Essential Fruit Muesli,G,false,998,https://ecom-su-static-prod.wtrecom.com/images/products/3/LN_043826_BP_3.jpg,https://www.waitrose.com/ecom/products/essential-fruit-muesli/043826-21600-21601,Essential Fruit Muesli,1kg,£3.00,30p/100g,,Dietary & Lifestyle
009167,Waitrose Belgian White Chocolate,G,false,999,https://ecom-su-static-prod.wtrecom.com/images/products/3/LN_009167_BP_3.jpg,https://www.waitrose.com/ecom/products/waitrose-belgian-white-chocolate/009167-4419-4420,Waitrose Belgian White Chocolate,180g,£2.20,£1.23/100g,,Dietary & Lifestyle
581849,Waitrose Cod & Parsley Sauce Fishcakes,G,true,1000,https://ecom-su-static-prod.wtrecom.com/images/products/3/LN_581849_BP_3.jpg,https://www.waitrose.com/ecom/products/waitrose-cod-parsley-sauce-fishcakes/581849-661709-661710,Waitrose Cod & Parsley Sauce Fishcakes,290g,£4.25,£14.66/kg,Add 3 for £12,Dietary & Lifestyle
569231,Waitrose Fresh Penne,G,false,1001,https://ecom-su-static-prod.wtrecom.com/images/products/3/LN_569231_BP_3.jpg,https://www.waitrose.com/ecom/products/waitrose-fresh-penne/569231-793238-793239,Waitrose Fresh Penne,500g,£2.30,£4.60/kg,,Dietary & Lifestyle
425073,Rude Health Oat Milk Long Life Organic Milk Alternative,G,false,1002,https://ecom-su-static-prod.wtrecom.com/images/products/3/LN_425073_BP_3.jpg,https://www.waitrose.com/ecom/products/rude-health-oat-milk-long-life-organic-milk-alternative/425073-287669-287670,Rude Health Oat Milk Long Life Organic Milk Alternative,1litre,£2.30,£2.30/litre,,Dietary & Lifestyle
802593,No.1 Sicilian Lemon Tart,G,true,1003,https://ecom-su-static-prod.wtrecom.com/images/products/3/LN_802593_BP_3.jpg,https://www.waitrose.com/ecom/products/no1-sicilian-lemon-tart/802593-498148-498149,No.1 Sicilian Lemon Tart,530g,£4.87,91.9p/100g,25% Off. Was £6.50,Dietary & Lifestyle
097999,Branston Baked Beans,G,false,1004,https://ecom-su-static-prod.wtrecom.com/images/products/3/LN_097999_BP_3.jpg,https://www.waitrose.com/ecom/products/branston-baked-beans/097999-49983-49984,Branston Baked Beans,220g,80p,£3.64/kg,,Dietary & Lifestyle
514054,Organix Apple Rice Cakes,G,false,1005,https://ecom-su-static-prod.wtrecom.com/images/products/3/LN_514054_BP_3.jpg,https://www.waitrose.com/ecom/products/organix-apple-rice-cakes/514054-791495-791496,Organix Apple Rice Cakes,40g,£1.60,£4/100g,,Dietary & Lifestyle
088418,Essential Satsumas,G,false,1006,https://ecom-su-static-prod.wtrecom.com/images/products/3/LN_088418_BP_3.jpg,https://www.waitrose.com/ecom/products/essential-satsumas/088418-45369-45370,Essential Satsumas,1kg,£2.50,£2.50/kg,,Dietary & Lifestyle
764487,Waitrose Extra Large Potatoes,G,false,1007,https://ecom-su-static-prod.wtrecom.com/images/products/3/LN_764487_BP_3.jpg,https://www.waitrose.com/ecom/products/waitrose-extra-large-potatoes/764487-350021-350022,Waitrose Extra Large Potatoes,2s,£1.15,57.5p each,,Dietary & Lifestyle
085416,Essential Round Beans,G,false,1008,https://ecom-su-static-prod.wtrecom.com/images/products/3/LN_085416_BP_3.jpg,https://www.waitrose.com/ecom/products/essential-round-beans/085416-43452-43453,Essential Round Beans,240g,£1.00,£4.17/kg,,Dietary & Lifestyle
087050,Jacob's High Fibre Cream Crackers,G,false,1009,https://ecom-su-static-prod.wtrecom.com/images/products/3/LN_087050_BP_3.jpg,https://www.waitrose.com/ecom/products/jacobs-high-fibre-cream-crackers/087050-44484-44485,Jacob's High Fibre Cream Crackers,200g,£1.80,90p/100g,,Dietary & Lifestyle
706505,Holy Moly Smashed Avocado,G,true,1010,https://ecom-su-static-prod.wtrecom.com/images/products/3/LN_706505_BP_3.jpg,https://www.waitrose.com/ecom/products/holy-moly-smashed-avocado/706505-695683-695684,Holy Moly Smashed Avocado,150g,£1.91,£1.28/100g,25% Off. Was £2.55,Dietary & Lifestyle
022542,Waitrose Sardine al Limone,G,false,1011,https://ecom-su-static-prod.wtrecom.com/images/products/3/LN_022542_BP_3.jpg,https://www.waitrose.com/ecom/products/waitrose-sardine-al-limone/022542-11007-11008,Waitrose Sardine al Limone,drained 84g,£1.50,£1.79/100g,,Dietary & Lifestyle
085319,Duchy Organic Baking Potatoes,G,false,1012,https://ecom-su-static-prod.wtrecom.com/images/products/3/LN_085319_BP_3.jpg,https://www.waitrose.com/ecom/products/duchy-organic-baking-potatoes/085319-43398-43399,Duchy Organic Baking Potatoes,700g,£2.40,£3.43/kg,,Dietary & Lifestyle
088171,Essential Loose Yellow Flesh Nectarines,G,false,1013,https://ecom-su-static-prod.wtrecom.com/images/products/3/LN_088171_BP_3.jpg,https://www.waitrose.com/ecom/products/essential-loose-yellow-flesh-nectarines/088171-45145-45146,Essential Loose Yellow Flesh Nectarines,Each,65p,65p each,,Dietary & Lifestyle
381469,Linwoods Flaxseed,G,false,1014,https://ecom-su-static-prod.wtrecom.com/images/products/3/LN_381469_BP_3.jpg,https://www.waitrose.com/ecom/products/linwoods-flaxseed/381469-53658-53659,Linwoods Flaxseed,425g,£6.40,£1.51/100g,,Dietary & Lifestyle
622841,KIND Gluten Free Dark Chocolate Nuts & Sea Salt Bars,G,true,1015,https://ecom-su-static-prod.wtrecom.com/images/products/3/LN_622841_BP_3.jpg,https://www.waitrose.com/ecom/products/kind-gluten-free-dark-chocolate-nuts-sea-salt-bars/622841-727354-727355,KIND Gluten Free Dark Chocolate Nuts & Sea Salt Bars,3x30g,£2.00,£2.23/100g,save £1.15. Was £3.15,Dietary & Lifestyle
040442,Alpro Soya Long Life Dairy Free Original Milk Alternative,G,true,1016,https://ecom-su-static-prod.wtrecom.com/images/products/3/LN_040442_BP_3.jpg,https://www.waitrose.com/ecom/products/alpro-soya-long-life-dairy-free-original-milk-alternative/040442-19985-19986,Alpro Soya Long Life Dairy Free Original Milk Alternative,1litre,£1.50,£1.50/litre,save 70p. Was £2.20,Dietary & Lifestyle
450940,Essential Skinless & Boneless Wild Red Salmon,G,false,1017,https://ecom-su-static-prod.wtrecom.com/images/products/3/LN_450940_BP_3.jpg,https://www.waitrose.com/ecom/products/essential-skinless-boneless-wild-red-salmon/450940-63548-63549,Essential Skinless & Boneless Wild Red Salmon,170g,£4.25,£2.50/100g,,Dietary & Lifestyle
018559,Waitrose Ripened Tomato & Basil Soup,G,false,1018,https://ecom-su-static-prod.wtrecom.com/images/products/3/LN_018559_BP_3.jpg,https://www.waitrose.com/ecom/products/waitrose-ripened-tomato-basil-soup/018559-8967-8968,Waitrose Ripened Tomato & Basil Soup,600g,£2.85,47.5p/100g,,Dietary & Lifestyle
610218,GOOD TO GO Pomegranate Seeds,G,true,1019,https://ecom-su-static-prod.wtrecom.com/images/products/3/LN_610218_BP_3.jpg,https://www.waitrose.com/ecom/products/good-to-go-pomegranate-seeds/610218-133580-133581,GOOD TO GO Pomegranate Seeds,90g,£1.50,£16.67/kg,"£5 Food to Go Meal Deal: Add 1 Main, 1 Snack and 1 Drink",Dietary & Lifestyle
054772,Duchy Organic Pink Lady Apples,G,false,1020,https://ecom-su-static-prod.wtrecom.com/images/products/3/LN_054772_BP_3.jpg,https://www.waitrose.com/ecom/products/duchy-organic-pink-lady-apples/054772-27521-27522,Duchy Organic Pink Lady Apples,4s,£3.75,93.8p each,,Dietary & Lifestyle
086140,Cooks' Ingredients Flat Leaf Parsley,G,false,1021,https://ecom-su-static-prod.wtrecom.com/images/products/3/LN_086140_BP_3.jpg,https://www.waitrose.com/ecom/products/cooks-ingredients-flat-leaf-parsley/086140-43981-43982,Cooks' Ingredients Flat Leaf Parsley,Each,£1.70,£1.70 each,,Dietary & Lifestyle
554356,Essential 30% Reduced Fat Mature Grated Cheddar Cheese Strength 4,G,false,1022,https://ecom-su-static-prod.wtrecom.com/images/products/3/LN_554356_BP_3.jpg,https://www.waitrose.com/ecom/products/essential-30-reduced-fat-mature-grated-cheddar-cheese-strength-4/554356-78370-78371,Essential 30% Reduced Fat Mature Grated Cheddar Cheese Strength 4,250g,£2.80,£11.20/kg,,Dietary & Lifestyle
086134,Cooks' Ingredients Lemon Grass,G,false,1023,https://ecom-su-static-prod.wtrecom.com/images/products/3/LN_086134_BP_3.jpg,https://www.waitrose.com/ecom/products/cooks-ingredients-lemon-grass/086134-43971-43972,Cooks' Ingredients Lemon Grass,2s,80p,40p each,,Dietary & Lifestyle
587391,Waitrose 2 Berry Cheesecake Slices,G,false,1024,https://ecom-su-static-prod.wtrecom.com/images/products/3/LN_587391_BP_3.jpg,https://www.waitrose.com/ecom/products/waitrose-2-berry-cheesecake-slices/587391-825107-825108,Waitrose 2 Berry Cheesecake Slices,2x80g,£3.75,£2.35/100g,,Dietary & Lifestyle
611842,Waitrose Mint Creams,G,false,1025,https://ecom-su-static-prod.wtrecom.com/images/products/3/LN_611842_BP_3.jpg,https://www.waitrose.com/ecom/products/waitrose-mint-creams/611842-673665-673666,Waitrose Mint Creams,200g,£3.50,£1.75/100g,,Dietary & Lifestyle
572414,Waitrose Pressed Apple Juice with Elderflower,G,false,1026,https://ecom-su-static-prod.wtrecom.com/images/products/3/LN_572414_BP_3.jpg,https://www.waitrose.com/ecom/products/waitrose-pressed-apple-juice-with-elderflower/572414-451664-451665,Waitrose Pressed Apple Juice with Elderflower,1litre,£2.10,21p/100ml,,Dietary & Lifestyle
460471,Waitrose Italian Roasted Vegetable Pasta Bake for 1,G,true,1027,https://ecom-su-static-prod.wtrecom.com/images/products/3/LN_460471_BP_3.jpg,https://www.waitrose.com/ecom/products/waitrose-italian-roasted-vegetable-pasta-bake-for-1/460471-759008-759009,Waitrose Italian Roasted Vegetable Pasta Bake for 1,400g,£3.50,£8.75/kg,Add 2 for £6.50,Dietary & Lifestyle
746882,Little Jude's Milk Lollies,G,true,1028,https://ecom-su-static-prod.wtrecom.com/images/products/3/LN_746882_BP_3.jpg,https://www.waitrose.com/ecom/products/little-judes-milk-lollies/746882-657011-657011,Little Jude's Milk Lollies,8x35ml,£2.75,98.2p/100ml,save 35p. Was £3.10,Dietary & Lifestyle
428437,Dorset Cereals Simply Nutty Muesli Cereal,G,true,1029,https://ecom-su-static-prod.wtrecom.com/images/products/3/LN_428437_BP_3.jpg,https://www.waitrose.com/ecom/products/dorset-cereals-simply-nutty-muesli-cereal/428437-209224-209225,Dorset Cereals Simply Nutty Muesli Cereal,560g,£2.65,47.3p/100g,save 90p. Was £3.55,Dietary & Lifestyle
085564,Duchy Organic Red Cabbage,G,false,1030,https://ecom-su-static-prod.wtrecom.com/images/products/3/LN_085564_BP_3.jpg,https://www.waitrose.com/ecom/products/duchy-organic-red-cabbage/085564-43659-43660,Duchy Organic Red Cabbage,Typical weight 0.5kg,94p each est.,£1.90/kg,,Dietary & Lifestyle
580579,Heinz Baked Five Beans,G,true,1031,https://ecom-su-static-prod.wtrecom.com/images/products/3/LN_580579_BP_3.jpg,https://www.waitrose.com/ecom/products/heinz-baked-five-beans/580579-215987-215988,Heinz Baked Five Beans,415g,£1.40,£3.38/kg,Add 2 for £2,Dietary & Lifestyle
044280,Waitrose Indian Spinach & Carrot Pilau Rice,G,false,1032,https://ecom-su-static-prod.wtrecom.com/images/products/3/LN_044280_BP_3.jpg,https://www.waitrose.com/ecom/products/waitrose-indian-spinach-carrot-pilau-rice/044280-21822-21823,Waitrose Indian Spinach & Carrot Pilau Rice,300g,£2.45,£8.17/kg,,Dietary & Lifestyle
475874,Peroni Nastro Azzurro 0.0% Alcohol Free Lager Bottle,G,true,1033,https://ecom-su-static-prod.wtrecom.com/images/products/3/LN_475874_BP_3.jpg,https://www.waitrose.com/ecom/products/peroni-nastro-azzurro-00-alcohol-free-lager-bottle/475874-692558-692559,Peroni Nastro Azzurro 0.0% Alcohol Free Lager Bottle,4x330ml,£4.50,£3.41/litre,save 75p. Was £5.25,Dietary & Lifestyle
422183,Essential 30% Reduced Fat Extra Mature Cheddar Cheese Strength 6,G,false,1034,https://ecom-su-static-prod.wtrecom.com/images/products/3/LN_422183_BP_3.jpg,https://www.waitrose.com/ecom/products/essential-30-reduced-fat-extra-mature-cheddar-cheese-strength-6/422183-451508-451509,Essential 30% Reduced Fat Extra Mature Cheddar Cheese Strength 6,350g,£2.60,£7.43/kg,,Dietary & Lifestyle
060384,Waitrose Mango Chutney,G,false,1035,https://ecom-su-static-prod.wtrecom.com/images/products/3/LN_060384_BP_3.jpg,https://www.waitrose.com/ecom/products/waitrose-mango-chutney/060384-30540-30541,Waitrose Mango Chutney,315g,£2.00,63.5p/100g,,Dietary & Lifestyle
438937,Essential 8 Pancakes,G,false,1036,https://ecom-su-static-prod.wtrecom.com/images/products/3/LN_438937_BP_3.jpg,https://www.waitrose.com/ecom/products/essential-8-pancakes/438937-61797-61798,Essential 8 Pancakes,480g,£2.25,46.9p/100g,,Dietary & Lifestyle
857809,Levantine Table Spinach Falafels,G,false,1037,https://ecom-su-static-prod.wtrecom.com/images/products/3/LN_857809_BP_3.jpg,https://www.waitrose.com/ecom/products/levantine-table-spinach-falafels/857809-755697-755698,Levantine Table Spinach Falafels,190g,£3.75,£1.98/100g,,Dietary & Lifestyle
070060,"No.1 Free Range Corn Fed Chicken Thigh Fillets, Skinless & Boneless",G,false,1038,https://ecom-su-static-prod.wtrecom.com/images/products/3/LN_070060_BP_3.jpg,https://www.waitrose.com/ecom/products/no1-free-range-corn-fed-chicken-thigh-fillets-skinless-boneless/070060-35488-35489,"No.1 Free Range Corn Fed Chicken Thigh Fillets, Skinless & Boneless",Typical weight 0.54kg,£9.45 each est.,£17.50/kg,,Dietary & Lifestyle
886723,Easy To Cook Middle Eastern Spiced Chicken Schnitzel,G,true,1039,https://ecom-su-static-prod.wtrecom.com/images/products/3/LN_886723_BP_3.jpg,https://www.waitrose.com/ecom/products/easy-to-cook-middle-eastern-spiced-chicken-schnitzel/886723-542394-542395,Easy To Cook Middle Eastern Spiced Chicken Schnitzel,285g,£5.00,£17.55/kg,Add 3 for £12,Dietary & Lifestyle
772292,Heinz Baked Beans Value 6 Pack,G,true,1040,https://ecom-su-static-prod.wtrecom.com/images/products/3/LN_772292_BP_3.jpg,https://www.waitrose.com/ecom/products/heinz-baked-beans-value-6-pack/772292-800574-800575,Heinz Baked Beans Value 6 Pack,6x200g,£4.25,£3.55/kg,Add 2 for £7,Dietary & Lifestyle
824603,Nairn's Gluten Free Oatcakes,G,false,1041,https://ecom-su-static-prod.wtrecom.com/images/products/3/LN_824603_BP_3.jpg,https://www.waitrose.com/ecom/products/nairns-gluten-free-oatcakes/824603-144222-144223,Nairn's Gluten Free Oatcakes,213g,£2.10,98.6p/100g,,Dietary & Lifestyle
017184,Dorset Cereals Simply Delicious Muesli Cereal,G,true,1042,https://ecom-su-static-prod.wtrecom.com/images/products/3/LN_017184_BP_3.jpg,https://www.waitrose.com/ecom/products/dorset-cereals-simply-delicious-muesli-cereal/017184-8287-8288,Dorset Cereals Simply Delicious Muesli Cereal,650g,£2.65,40.8p/100g,save 90p. Was £3.55,Dietary & Lifestyle
066419,Essential Garden Peas in Water,G,false,1043,https://ecom-su-static-prod.wtrecom.com/images/products/3/LN_066419_BP_3.jpg,https://www.waitrose.com/ecom/products/essential-garden-peas-in-water/066419-33630-33631,Essential Garden Peas in Water,drained 185g,80p,£4.33/kg,,Dietary & Lifestyle
040668,New Covent Garden Creamy Mushroom Soup,G,false,1044,https://ecom-su-static-prod.wtrecom.com/images/products/3/LN_040668_BP_3.jpg,https://www.waitrose.com/ecom/products/new-covent-garden-creamy-mushroom-soup/040668-20085-20086,New Covent Garden Creamy Mushroom Soup,560g,£2.35,42p/100g,,Dietary & Lifestyle
003499,Waitrose Sliced Runner Beans,G,false,1045,https://ecom-su-static-prod.wtrecom.com/images/products/3/LN_003499_BP_3.jpg,https://www.waitrose.com/ecom/products/waitrose-sliced-runner-beans/003499-1395-1396,Waitrose Sliced Runner Beans,160g,£1.90,£1.19/100g,,Dietary & Lifestyle
524052,Duchy Organic Vanilla Ice Cream,G,true,1046,https://ecom-su-static-prod.wtrecom.com/images/products/3/LN_524052_BP_3.jpg,https://www.waitrose.com/ecom/products/duchy-organic-vanilla-ice-cream/524052-752937-752938,Duchy Organic Vanilla Ice Cream,480ml,£3.00,62.5p/100ml,save 50p. Was £3.50,Dietary & Lifestyle
060655,Quorn 2 Mozzarella & Pesto Escalopes,G,false,1047,https://ecom-su-static-prod.wtrecom.com/images/products/3/LN_060655_BP_3.jpg,https://www.waitrose.com/ecom/products/quorn-2-mozzarella-pesto-escalopes/060655-30666-30667,Quorn 2 Mozzarella & Pesto Escalopes,240g,£3.15,£13.13/kg,,Dietary & Lifestyle
481905,Waitrose Flame Raisins,G,false,1048,https://ecom-su-static-prod.wtrecom.com/images/products/3/LN_481905_BP_3.jpg,https://www.waitrose.com/ecom/products/waitrose-flame-raisins/481905-260744-260745,Waitrose Flame Raisins,500g,£3.50,£7/kg,,Dietary & Lifestyle
086153,Cooks' Ingredients Garden Chives Pot,G,false,1049,https://ecom-su-static-prod.wtrecom.com/images/products/3/LN_086153_BP_3.jpg,https://www.waitrose.com/ecom/products/cooks-ingredients-garden-chives-pot/086153-43999-44000,Cooks' Ingredients Garden Chives Pot,Each,£1.70,£1.70 each,,Dietary & Lifestyle
067082,Duchy Organic Frozen Vegetable Mix,G,false,1050,https://ecom-su-static-prod.wtrecom.com/images/products/3/LN_067082_BP_3.jpg,https://www.waitrose.com/ecom/products/duchy-organic-frozen-vegetable-mix/067082-33976-33977,Duchy Organic Frozen Vegetable Mix,750g,£2.75,£3.67/kg,,Dietary & Lifestyle
086354,Waitrose Indian Aloo Gobi Saag,G,false,1051,https://ecom-su-static-prod.wtrecom.com/images/products/3/LN_086354_BP_3.jpg,https://www.waitrose.com/ecom/products/waitrose-indian-aloo-gobi-saag/086354-44092-44093,Waitrose Indian Aloo Gobi Saag,300g,£2.85,£9.50/kg,,Dietary & Lifestyle
794375,HP Brown Sauce,G,false,1052,https://ecom-su-static-prod.wtrecom.com/images/products/3/LN_794375_BP_3.jpg,https://www.waitrose.com/ecom/products/hp-brown-sauce/794375-133446-133447,HP Brown Sauce,450g,£3.00,66.7p/100g,,Dietary & Lifestyle
456702,Dorset Cereals Nutty Granola Breakfast Cereal,G,false,1053,https://ecom-su-static-prod.wtrecom.com/images/products/3/LN_456702_BP_3.jpg,https://www.waitrose.com/ecom/products/dorset-cereals-nutty-granola-breakfast-cereal/456702-808035-808036,Dorset Cereals Nutty Granola Breakfast Cereal,450g,£3.75,83.3p/100g,,Dietary & Lifestyle
894497,Linda McCartney's Vegan Red Onion & Rosemary Sausages,G,false,1054,https://ecom-su-static-prod.wtrecom.com/images/products/3/LN_894497_BP_3.jpg,https://www.waitrose.com/ecom/products/linda-mccartneys-vegan-red-onion-rosemary-sausages/894497-344750-344751,Linda McCartney's Vegan Red Onion & Rosemary Sausages,270g,£2.60,£9.63/kg,,Dietary & Lifestyle
043847,Waitrose North Atlantic Prawns MSC,G,false,1055,https://ecom-su-static-prod.wtrecom.com/images/products/3/LN_043847_BP_3.jpg,https://www.waitrose.com/ecom/products/waitrose-north-atlantic-prawns-msc/043847-21606-21607,Waitrose North Atlantic Prawns MSC,150g,£4.50,£3/100g,,Dietary & Lifestyle
505105,Charlie Bigham's Meatballs Al Forno for 1,G,true,1056,https://ecom-su-static-prod.wtrecom.com/images/products/3/LN_505105_BP_3.jpg,https://www.waitrose.com/ecom/products/charlie-bighams-meatballs-al-forno-for-1/505105-525510-525511,Charlie Bigham's Meatballs Al Forno for 1,325g,£6.00,£18.47/kg,Add 2 for £11,Dietary & Lifestyle
453475,Duchy Organic Aubergine,G,false,1057,https://ecom-su-static-prod.wtrecom.com/images/products/3/LN_453475_BP_3.jpg,https://www.waitrose.com/ecom/products/duchy-organic-aubergine/453475-538584-538585,Duchy Organic Aubergine,Each,£1.60,£1.60 each,,Dietary & Lifestyle
009694,Waitrose Potato & Egg Salad & Salad Dressing,G,false,1058,https://ecom-su-static-prod.wtrecom.com/images/products/3/LN_009694_BP_3.jpg,https://www.waitrose.com/ecom/products/waitrose-potato-egg-salad-salad-dressing/009694-4801-4802,Waitrose Potato & Egg Salad & Salad Dressing,300g,£2.95,98.3p/100g,,Dietary & Lifestyle
432329,Yorkshire Provender Pea & Spinach Soup,G,true,1059,https://ecom-su-static-prod.wtrecom.com/images/products/3/LN_432329_BP_3.jpg,https://www.waitrose.com/ecom/products/yorkshire-provender-pea-spinach-soup/432329-60819-60820,Yorkshire Provender Pea & Spinach Soup,560g,£2.65,47.3p/100g,save 55p. Was £3.20,Dietary & Lifestyle
854035,Charlie Bigham's Chicken Tikka Masala & Pilau Rice for 2,G,false,1060,https://ecom-su-static-prod.wtrecom.com/images/products/3/LN_854035_BP_3.jpg,https://www.waitrose.com/ecom/products/charlie-bighams-chicken-tikka-masala-pilau-rice-for-2/854035-337352-337353,Charlie Bigham's Chicken Tikka Masala & Pilau Rice for 2,805g,£9.50,£11.81/kg,,Dietary & Lifestyle
847776,Ella's Kitchen Puree Prunes,G,true,1061,https://ecom-su-static-prod.wtrecom.com/images/products/3/LN_847776_BP_3.jpg,https://www.waitrose.com/ecom/products/ellas-kitchen-puree-prunes/847776-346982-346983,Ella's Kitchen Puree Prunes,70g,£1.00,£1.43/100g,Add 5 for £4.50,Dietary & Lifestyle
018106,Waitrose Toasted Flaked Almonds,G,false,1062,https://ecom-su-static-prod.wtrecom.com/images/products/3/LN_018106_BP_3.jpg,https://www.waitrose.com/ecom/products/waitrose-toasted-flaked-almonds/018106-8782-8783,Waitrose Toasted Flaked Almonds,100g,£1.95,£19.50/kg,,Dietary & Lifestyle
813298,Unearthed Spanish Spinach Omelette,G,true,1063,https://ecom-su-static-prod.wtrecom.com/images/products/3/LN_813298_BP_3.jpg,https://www.waitrose.com/ecom/products/unearthed-spanish-spinach-omelette/813298-324866-324867,Unearthed Spanish Spinach Omelette,250g,£2.40,96p/100g,25% Off. Was £3.20,Dietary & Lifestyle
776233,"Higgidy Spinach, Feta & Toasted Pine Nut Pie",G,false,1064,https://ecom-su-static-prod.wtrecom.com/images/products/3/LN_776233_BP_3.jpg,https://www.waitrose.com/ecom/products/higgidy-spinach-feta-toasted-pine-nut-pie/776233-110388-110389,"Higgidy Spinach, Feta & Toasted Pine Nut Pie",250g,£4.95,£19.80/kg,,Dietary & Lifestyle
085224,Waitrose Baby Leaf Greens,G,false,1065,https://ecom-su-static-prod.wtrecom.com/images/products/3/LN_085224_BP_3.jpg,https://www.waitrose.com/ecom/products/waitrose-baby-leaf-greens/085224-43299-43300,Waitrose Baby Leaf Greens,200g,£1.70,£8.50/kg,,Dietary & Lifestyle
837294,Waitrose MSC Tuna Steak in Olive Oil,G,false,1066,https://ecom-su-static-prod.wtrecom.com/images/products/3/LN_837294_BP_3.jpg,https://www.waitrose.com/ecom/products/waitrose-msc-tuna-steak-in-olive-oil/837294-729802-729803,Waitrose MSC Tuna Steak in Olive Oil,drained 150g,£2.25,£1.50/100g,,Dietary & Lifestyle
671890,Pots & Co Little Pots 70% Chocolate Ganache,G,false,1067,https://ecom-su-static-prod.wtrecom.com/images/products/3/LN_671890_BP_3.jpg,https://www.waitrose.com/ecom/products/pots-co-little-pots-70-chocolate-ganache/671890-497966-497967,Pots & Co Little Pots 70% Chocolate Ganache,4x50g,£3.40,£1.70/100g,,Dietary & Lifestyle
065379,Waitrose Chunky Minestrone Soup,G,false,1068,https://ecom-su-static-prod.wtrecom.com/images/products/3/LN_065379_BP_3.jpg,https://www.waitrose.com/ecom/products/waitrose-chunky-minestrone-soup/065379-33139-33140,Waitrose Chunky Minestrone Soup,600g,£2.85,47.5p/100g,,Dietary & Lifestyle
881221,No.1 Pains Au Chocolat,G,false,1069,https://ecom-su-static-prod.wtrecom.com/images/products/3/LN_881221_BP_3.jpg,https://www.waitrose.com/ecom/products/no1-pains-au-chocolat/881221-493353-493354,No.1 Pains Au Chocolat,2s,£2.40,£1.20 each,,Dietary & Lifestyle
899488,Waitrose Chunky Chips,G,true,1070,https://ecom-su-static-prod.wtrecom.com/images/products/3/LN_899488_BP_3.jpg,https://www.waitrose.com/ecom/products/waitrose-chunky-chips/899488-172140-172141,Waitrose Chunky Chips,400g,£2.60,£6.50/kg,£8 Chicken Dinner Meal Deal: Add 1 Main & 2 Extras,Dietary & Lifestyle
667870,No.1 Ecuador Dark Chocolate 90%,G,false,1071,https://ecom-su-static-prod.wtrecom.com/images/products/3/LN_667870_BP_3.jpg,https://www.waitrose.com/ecom/products/no1-ecuador-dark-chocolate-90/667870-706938-706939,No.1 Ecuador Dark Chocolate 90%,100g,£2.25,£2.25/100g,,Dietary & Lifestyle
763877,Waitrose Wholetail Breaded Scampi,G,false,1072,https://ecom-su-static-prod.wtrecom.com/images/products/3/LN_763877_BP_3.jpg,https://www.waitrose.com/ecom/products/waitrose-wholetail-breaded-scampi/763877-689518-689519,Waitrose Wholetail Breaded Scampi,180g,£5.25,£29.17/kg,,Dietary & Lifestyle
006564,Jordans Frusli Juicy Blueberries Cereal Bars,G,true,1073,https://ecom-su-static-prod.wtrecom.com/images/products/3/LN_006564_BP_3.jpg,https://www.waitrose.com/ecom/products/jordans-frusli-juicy-blueberries-cereal-bars/006564-2927-2928,Jordans Frusli Juicy Blueberries Cereal Bars,6x30g,£1.50,83.3p/100g,save 90p. Was £2.40,Dietary & Lifestyle
062328,Cooks' Ingredients Rhubarb,G,true,1074,https://ecom-su-static-prod.wtrecom.com/images/products/3/LN_062328_BP_3.jpg,https://www.waitrose.com/ecom/products/cooks-ingredients-rhubarb/062328-31649-31650,Cooks' Ingredients Rhubarb,400g,£2.70,£6.75/kg,Add 2 for £4,Dietary & Lifestyle
001301,Weetabix 12 pack,G,false,1075,https://ecom-su-static-prod.wtrecom.com/images/products/3/LN_001301_BP_3.jpg,https://www.waitrose.com/ecom/products/weetabix-12-pack/001301-210-211,Weetabix 12 pack,12s,£2.15,17.9p each,,Dietary & Lifestyle
469732,Equinox Kombucha Raspberry & Elderflower Organic Fruit Juice Single,G,false,1076,https://ecom-su-static-prod.wtrecom.com/images/products/3/LN_469732_BP_3.jpg,https://www.waitrose.com/ecom/products/equinox-kombucha-raspberry-elderflower-organic-fruit-juice-single/469732-601650-601651,Equinox Kombucha Raspberry & Elderflower Organic Fruit Juice Single,275ml,£2.20,80p/100ml,,Dietary & Lifestyle
022543,Waitrose Sardine Piccanti,G,false,1077,https://ecom-su-static-prod.wtrecom.com/images/products/3/LN_022543_BP_3.jpg,https://www.waitrose.com/ecom/products/waitrose-sardine-piccanti/022543-11009-11010,Waitrose Sardine Piccanti,drained 84g,£1.50,£1.79/100g,,Dietary & Lifestyle
450818,Waitrose 2 British Native Breed Reduced Fat Beef Burgers,G,false,1078,https://ecom-su-static-prod.wtrecom.com/images/products/3/LN_450818_BP_3.jpg,https://www.waitrose.com/ecom/products/waitrose-2-british-native-breed-reduced-fat-beef-burgers/450818-538578-538579,Waitrose 2 British Native Breed Reduced Fat Beef Burgers,227g,£2.95,£13/kg,,Dietary & Lifestyle
822585,Arla Protein Blueberry Yogurt,G,false,1079,https://ecom-su-static-prod.wtrecom.com/images/products/3/LN_822585_BP_3.jpg,https://www.waitrose.com/ecom/products/arla-protein-blueberry-yogurt/822585-811033-811034,Arla Protein Blueberry Yogurt,200g,£1.30,65p/100g,,Dietary & Lifestyle
088351,Waitrose Piel De Sapo Melon,G,false,1080,https://ecom-su-static-prod.wtrecom.com/images/products/3/LN_088351_BP_3.jpg,https://www.waitrose.com/ecom/products/waitrose-piel-de-sapo-melon/088351-420694-45316,Waitrose Piel De Sapo Melon,Each,£3.50,£3.50 each,,Dietary & Lifestyle
016659,Waitrose Pea & Ham Hock Soup,G,false,1081,https://ecom-su-static-prod.wtrecom.com/images/products/3/LN_016659_BP_3.jpg,https://www.waitrose.com/ecom/products/waitrose-pea-ham-hock-soup/016659-8009-8010,Waitrose Pea & Ham Hock Soup,600g,£3.00,50p/100g,,Dietary & Lifestyle
451668,Essential Tomato & Mozarella Tortelloni,G,false,1082,https://ecom-su-static-prod.wtrecom.com/images/products/3/LN_451668_BP_3.jpg,https://www.waitrose.com/ecom/products/essential-tomato-mozarella-tortelloni/451668-793214-793215,Essential Tomato & Mozarella Tortelloni,300g,£2.20,73.3p/100g,,Dietary & Lifestyle
883794,Moving Mountains 2 Plant-Based 1/4lb Burgers,G,true,1083,https://ecom-su-static-prod.wtrecom.com/images/products/3/LN_883794_BP_3.jpg,https://www.waitrose.com/ecom/products/moving-mountains-2-plant-based-1-4lb-burgers/883794-731188-731189,Moving Mountains 2 Plant-Based 1/4lb Burgers,227g,£3.50,£15.42/kg,Add 2 for £5,Dietary & Lifestyle
874183,Higgidy Vegetarian Cheddar & Onion Chutney Veggie Rolls,G,true,1084,https://ecom-su-static-prod.wtrecom.com/images/products/3/LN_874183_BP_3.jpg,https://www.waitrose.com/ecom/products/higgidy-vegetarian-cheddar-onion-chutney-veggie-rolls/874183-550445-550446,Higgidy Vegetarian Cheddar & Onion Chutney Veggie Rolls,160g,£2.50,£1.57/100g,save 95p. Was £3.45,Dietary & Lifestyle
059129,No.1 Sumatra Mandheling Ground Coffee,G,false,1085,https://ecom-su-static-prod.wtrecom.com/images/products/3/LN_059129_BP_3.jpg,https://www.waitrose.com/ecom/products/no1-sumatra-mandheling-ground-coffee/059129-29758-29759,No.1 Sumatra Mandheling Ground Coffee,227g,£4.00,£1.77/100g,,Dietary & Lifestyle
588392,Waitrose Pumpkin Seeds,G,false,1086,https://ecom-su-static-prod.wtrecom.com/images/products/3/LN_588392_BP_3.jpg,https://www.waitrose.com/ecom/products/waitrose-pumpkin-seeds/588392-492007-492008,Waitrose Pumpkin Seeds,175g,£2.00,£1.15/100g,,Dietary & Lifestyle
021611,Waitrose Red Cabbage,G,false,1087,https://ecom-su-static-prod.wtrecom.com/images/products/3/LN_021611_BP_3.jpg,https://www.waitrose.com/ecom/products/waitrose-red-cabbage/021611-10552-10553,Waitrose Red Cabbage,300g,£2.90,£9.67/kg,,Dietary & Lifestyle
043947,Waitrose Classic Fruit Salad,G,false,1088,https://ecom-su-static-prod.wtrecom.com/images/products/3/LN_043947_BP_3.jpg,https://www.waitrose.com/ecom/products/waitrose-classic-fruit-salad/043947-425752-21659,Waitrose Classic Fruit Salad,310g,£3.50,£1.13/100g,,Dietary & Lifestyle
617859,nakd. Blueberry Muffin Fruit & Nut Bars Multipack,G,false,1089,https://ecom-su-static-prod.wtrecom.com/images/products/3/LN_617859_BP_3.jpg,https://www.waitrose.com/ecom/products/nakd-blueberry-muffin-fruit-nut-bars-multipack/617859-648116-648117,nakd. Blueberry Muffin Fruit & Nut Bars Multipack,4x35g,£3.15,£2.25/100g,,Dietary & Lifestyle
725981,Equinox Kombucha Raspberry & Elderflower Organic Fruit Juice,G,false,1090,https://ecom-su-static-prod.wtrecom.com/images/products/3/LN_725981_BP_3.jpg,https://www.waitrose.com/ecom/products/equinox-kombucha-raspberry-elderflower-organic-fruit-juice/725981-746016-746017,Equinox Kombucha Raspberry & Elderflower Organic Fruit Juice,750ml,£4.40,58.7p/100ml,,Dietary & Lifestyle
404358,Heinz Baked Beans Snap Pots No Added Sugar,G,true,1091,https://ecom-su-static-prod.wtrecom.com/images/products/3/LN_404358_BP_3.jpg,https://www.waitrose.com/ecom/products/heinz-baked-beans-snap-pots-no-added-sugar/404358-56911-56912,Heinz Baked Beans Snap Pots No Added Sugar,4x200g,£3.50,£4.38/kg,Add 2 for £6,Dietary & Lifestyle
789167,Cooks' Ingredients Belgian Dark Chocolate,G,false,1092,https://ecom-su-static-prod.wtrecom.com/images/products/3/LN_789167_BP_3.jpg,https://www.waitrose.com/ecom/products/cooks-ingredients-belgian-dark-chocolate/789167-752663-752664,Cooks' Ingredients Belgian Dark Chocolate,180g,£2.00,£11.12/kg,,Dietary & Lifestyle
768974,Dell'Ugo Asparagus & Mozzarella Ravioli,G,false,1093,https://ecom-su-static-prod.wtrecom.com/images/products/3/LN_768974_BP_3.jpg,https://www.waitrose.com/ecom/products/dellugo-asparagus-mozzarella-ravioli/768974-662003-662004,Dell'Ugo Asparagus & Mozzarella Ravioli,250g,£4.00,£16/kg,,Dietary & Lifestyle
074411,Tyrrell's Naked-No Salt Crisps,G,false,1094,https://ecom-su-static-prod.wtrecom.com/images/products/3/LN_074411_BP_3.jpg,https://www.waitrose.com/ecom/products/tyrrells-naked-no-salt-crisps/074411-37778-37779,Tyrrell's Naked-No Salt Crisps,150g,£2.75,£1.84/100g,,Dietary & Lifestyle
806931,Organix Summer Fruits Rice Cakes,G,false,1095,https://ecom-su-static-prod.wtrecom.com/images/products/3/LN_806931_BP_3.jpg,https://www.waitrose.com/ecom/products/organix-summer-fruits-rice-cakes/806931-791599-791600,Organix Summer Fruits Rice Cakes,40g,£1.60,£4/100g,,Dietary & Lifestyle
609890,Magnum Almond Ice Cream Sticks,G,false,1096,https://ecom-su-static-prod.wtrecom.com/images/products/3/LN_609890_BP_3.jpg,https://www.waitrose.com/ecom/products/magnum-almond-ice-cream-sticks/609890-824373-824374,Magnum Almond Ice Cream Sticks,6x100ml,£6.15,£1.03/100ml,,Dietary & Lifestyle
489217,TREK Cocoa Oat Protein Flapjacks Multipack,G,false,1097,https://ecom-su-static-prod.wtrecom.com/images/products/3/LN_489217_BP_3.jpg,https://www.waitrose.com/ecom/products/trek-cocoa-oat-protein-flapjacks-multipack/489217-589113-589114,TREK Cocoa Oat Protein Flapjacks Multipack,3x50g,£3.00,£2/100g,,Dietary & Lifestyle
724427,Waitrose Wild Pacific Red Salmon,G,false,1098,https://ecom-su-static-prod.wtrecom.com/images/products/3/LN_724427_BP_3.jpg,https://www.waitrose.com/ecom/products/waitrose-wild-pacific-red-salmon/724427-244985-244986,Waitrose Wild Pacific Red Salmon,105g,£2.60,£2.48/100g,,Dietary & Lifestyle
027117,Essential Original Blend 80 Tea Bags,G,false,1099,https://ecom-su-static-prod.wtrecom.com/images/products/3/LN_027117_BP_3.jpg,https://www.waitrose.com/ecom/products/essential-original-blend-80-tea-bags/027117-13179-13180,Essential Original Blend 80 Tea Bags,250g,£1.25,50p/100g,,Dietary & Lifestyle
021223,Actimel Immunity Multifruit Live Yogurt Drinks,G,false,1100,https://ecom-su-static-prod.wtrecom.com/images/products/3/LN_021223_BP_3.jpg,https://www.waitrose.com/ecom/products/actimel-immunity-multifruit-live-yogurt-drinks/021223-10329-10330,Actimel Immunity Multifruit Live Yogurt Drinks,8x100g,£3.95,49.4p/100g,,Dietary & Lifestyle
803347,Strong Roots Crispy Skinny Fries,G,false,1101,https://ecom-su-static-prod.wtrecom.com/images/products/3/LN_803347_BP_3.jpg,https://www.waitrose.com/ecom/products/strong-roots-crispy-skinny-fries/803347-784568-784569,Strong Roots Crispy Skinny Fries,750g,£3.95,£5.27/kg,,Dietary & Lifestyle
019208,Clipper Fairtrade Organic Decaf Instant Coffee 100g,G,false,1102,https://ecom-su-static-prod.wtrecom.com/images/products/3/LN_019208_BP_3.jpg,https://www.waitrose.com/ecom/products/clipper-fairtrade-organic-decaf-instant-coffee-100g/019208-9309-9310,Clipper Fairtrade Organic Decaf Instant Coffee 100g,100g,£6.00,£6/100g,,Dietary & Lifestyle
528092,"Magnum Double Sunlover Coconut, Mango and Passionfruit Ice Cream Sticks",G,true,1103,https://ecom-su-static-prod.wtrecom.com/images/products/3/LN_528092_BP_3.jpg,https://www.waitrose.com/ecom/products/magnum-double-sunlover-coconut-mango-and-passionfruit-ice-cream-sticks/528092-801820-801821,"Magnum Double Sunlover Coconut, Mango and Passionfruit Ice Cream Sticks",3x85ml,£4.20,£1.65/100ml,Add 2 for £6,Dietary & Lifestyle
029126,Heinz Classic Minestrone Soup,G,true,1104,https://ecom-su-static-prod.wtrecom.com/images/products/3/LN_029126_BP_3.jpg,https://www.waitrose.com/ecom/products/heinz-classic-minestrone-soup/029126-14191-14192,Heinz Classic Minestrone Soup,400g,£1.75,43.8p/100g,Add 3 for £4.50,Dietary & Lifestyle
857008,Holy Moly Guacamole Original,G,true,1105,https://ecom-su-static-prod.wtrecom.com/images/products/3/LN_857008_BP_3.jpg,https://www.waitrose.com/ecom/products/holy-moly-guacamole-original/857008-587014-587015,Holy Moly Guacamole Original,150g,£1.91,£1.28/100g,25% Off. Was £2.55,Dietary & Lifestyle
673266,Tony's Chocolonely Milk Choc Caramel Sea Salt,G,false,1106,https://ecom-su-static-prod.wtrecom.com/images/products/3/LN_673266_BP_3.jpg,https://www.waitrose.com/ecom/products/tonys-chocolonely-milk-choc-caramel-sea-salt/673266-686461-686462,Tony's Chocolonely Milk Choc Caramel Sea Salt,180g,£3.00,£1.67/100g,,Dietary & Lifestyle
861684,Cocos Natural Organic Coconut Yogurt Alternative,G,true,1107,https://ecom-su-static-prod.wtrecom.com/images/products/3/LN_861684_BP_3.jpg,https://www.waitrose.com/ecom/products/cocos-natural-organic-coconut-yogurt-alternative/861684-481387-481388,Cocos Natural Organic Coconut Yogurt Alternative,400g,£4.20,£1.05/100g,20% Off. Was £5.25,Dietary & Lifestyle
034067,"Duchy Organic Chicken Thigh Fillets, Skinless & Boneless",G,false,1108,https://ecom-su-static-prod.wtrecom.com/images/products/3/LN_034067_BP_3.jpg,https://www.waitrose.com/ecom/products/duchy-organic-chicken-thigh-fillets-skinless-boneless/034067-17053-17054,"Duchy Organic Chicken Thigh Fillets, Skinless & Boneless",Typical weight 0.54kg,£13.93 each est.,£25.80/kg,,Dietary & Lifestyle
704163,Rude Health Almond Chilled Milk Alternative,G,false,1109,https://ecom-su-static-prod.wtrecom.com/images/products/3/LN_704163_BP_3.jpg,https://www.waitrose.com/ecom/products/rude-health-almond-chilled-milk-alternative/704163-601766-601767,Rude Health Almond Chilled Milk Alternative,1litre,£2.40,£2.40/litre,,Dietary & Lifestyle
034822,Waitrose Roasted Garlic Flatbread,G,true,1110,https://ecom-su-static-prod.wtrecom.com/images/products/3/LN_034822_BP_3.jpg,https://www.waitrose.com/ecom/products/waitrose-roasted-garlic-flatbread/034822-17563-17564,Waitrose Roasted Garlic Flatbread,240g,£2.25,93.8p/100g,25% Off. Was £3.00,Dietary & Lifestyle
841175,Light Rye Boule,G,false,1111,https://ecom-su-static-prod.wtrecom.com/images/products/3/LN_841175_BP_3.jpg,https://www.waitrose.com/ecom/products/light-rye-boule/841175-629454-629455,Light Rye Boule,each,£2.30,£2.30 each,,Dietary & Lifestyle
575928,Waitrose Sun-Drenched Tomatoes,G,true,1112,https://ecom-su-static-prod.wtrecom.com/images/products/3/LN_575928_BP_3.jpg,https://www.waitrose.com/ecom/products/waitrose-sun-drenched-tomatoes/575928-202361-202362,Waitrose Sun-Drenched Tomatoes,160g,£4.00,£2.50/100g,Add 2 for £5.50,Dietary & Lifestyle
528856,Waitrose Frozen Garden Vegetable Steamers,G,false,1113,https://ecom-su-static-prod.wtrecom.com/images/products/3/LN_528856_BP_3.jpg,https://www.waitrose.com/ecom/products/waitrose-frozen-garden-vegetable-steamers/528856-581244-581245,Waitrose Frozen Garden Vegetable Steamers,4x160g,£2.75,£4.30/kg,,Dietary & Lifestyle
512527,The Collective Gourmet Raspberry Yogurt,G,true,1114,https://ecom-su-static-prod.wtrecom.com/images/products/3/LN_512527_BP_3.jpg,https://www.waitrose.com/ecom/products/the-collective-gourmet-raspberry-yogurt/512527-357290-357291,The Collective Gourmet Raspberry Yogurt,425g,£2.00,47.1p/100g,save £1.10. Was £3.10,Dietary & Lifestyle
507685,Actimel Immunity Strawberry Live Yogurt Drinks Large Pack,G,true,1115,https://ecom-su-static-prod.wtrecom.com/images/products/3/LN_507685_BP_3.jpg,https://www.waitrose.com/ecom/products/actimel-immunity-strawberry-live-yogurt-drinks-large-pack/507685-113896-113897,Actimel Immunity Strawberry Live Yogurt Drinks Large Pack,12x100g,£3.00,25p/100g,save £1.75. Was £4.75,Dietary & Lifestyle
019710,"Waitrose Chopped Tomatoes, Olive Oil & Garlic",G,false,1116,https://ecom-su-static-prod.wtrecom.com/images/products/3/LN_019710_BP_3.jpg,https://www.waitrose.com/ecom/products/waitrose-chopped-tomatoes-olive-oil-garlic/019710-9581-9582,"Waitrose Chopped Tomatoes, Olive Oil & Garlic",400g,85p,£2.13/kg,,Dietary & Lifestyle
822400,Kallo 8 Chicken Stock Cubes,G,false,1117,https://ecom-su-static-prod.wtrecom.com/images/products/3/LN_822400_BP_3.jpg,https://www.waitrose.com/ecom/products/kallo-8-chicken-stock-cubes/822400-305537-305538,Kallo 8 Chicken Stock Cubes,88g,£2.00,£2.28/100g,,Dietary & Lifestyle
070388,Essential Sultanas,G,false,1118,https://ecom-su-static-prod.wtrecom.com/images/products/3/LN_070388_BP_3.jpg,https://www.waitrose.com/ecom/products/essential-sultanas/070388-35648-35649,Essential Sultanas,1kg,£3.60,£3.60/kg,,Dietary & Lifestyle
515385,Waitrose Smoked Houmous,G,true,1119,https://ecom-su-static-prod.wtrecom.com/images/products/3/LN_515385_BP_3.jpg,https://www.waitrose.com/ecom/products/waitrose-smoked-houmous/515385-724857-724858,Waitrose Smoked Houmous,200g,£1.75,87.5p/100g,Add 2 for £2.50,Dietary & Lifestyle
816323,Tilda Boil in Bag Pure Basmati Rice,G,false,1120,https://ecom-su-static-prod.wtrecom.com/images/products/3/LN_816323_BP_3.jpg,https://www.waitrose.com/ecom/products/tilda-boil-in-bag-pure-basmati-rice/816323-343508-343509,Tilda Boil in Bag Pure Basmati Rice,4x62.5g,£2.25,£9/kg,,Dietary & Lifestyle
050757,Kallo Low Fat Rice Cakes Wholegrain,G,true,1121,https://ecom-su-static-prod.wtrecom.com/images/products/3/LN_050757_BP_3.jpg,https://www.waitrose.com/ecom/products/kallo-low-fat-rice-cakes-wholegrain/050757-25249-25250,Kallo Low Fat Rice Cakes Wholegrain,130g,£1.25,96.2p/100g,20% Off. Was £1.60,Dietary & Lifestyle
847878,Waitrose Apricots,G,true,1122,https://ecom-su-static-prod.wtrecom.com/images/products/3/LN_847878_BP_3.jpg,https://www.waitrose.com/ecom/products/waitrose-apricots/847878-601830-601831,Waitrose Apricots,4s,£3.00,75p each,Add 2 for £4,Dietary & Lifestyle
474621,Waitrose Raspberry Jelly,G,false,1123,https://ecom-su-static-prod.wtrecom.com/images/products/3/LN_474621_BP_3.jpg,https://www.waitrose.com/ecom/products/waitrose-raspberry-jelly/474621-414426-414427,Waitrose Raspberry Jelly,175g,£1.50,85.7p/100g,,Dietary & Lifestyle
006221,Duchy Organic Plain White Flour,G,false,1124,https://ecom-su-static-prod.wtrecom.com/images/products/3/LN_006221_BP_3.jpg,https://www.waitrose.com/ecom/products/duchy-organic-plain-white-flour/006221-2738-2739,Duchy Organic Plain White Flour,1.5kg,£2.20,£1.47/kg,,Dietary & Lifestyle
031739,Cadbury Dairy Milk Buttons Dessert,G,true,1125,https://ecom-su-static-prod.wtrecom.com/images/products/3/LN_031739_BP_3.jpg,https://www.waitrose.com/ecom/products/cadbury-dairy-milk-buttons-dessert/031739-15465-15466,Cadbury Dairy Milk Buttons Dessert,75g,85p,£1.14/100g,Save 1/3. Was £1.30,Dietary & Lifestyle
701388,Nestlé Shredded Wheat Biscuits,G,false,1126,https://ecom-su-static-prod.wtrecom.com/images/products/3/LN_701388_BP_3.jpg,https://www.waitrose.com/ecom/products/nestle-shredded-wheat-biscuits/701388-99546-99547,Nestlé Shredded Wheat Biscuits,16s,£2.65,16.6p each,,Dietary & Lifestyle
700635,Charlie Bigham's Shepherd's Pie for 1,G,true,1127,https://ecom-su-static-prod.wtrecom.com/images/products/3/LN_700635_BP_3.jpg,https://www.waitrose.com/ecom/products/charlie-bighams-shepherds-pie-for-1/700635-781121-781122,Charlie Bigham's Shepherd's Pie for 1,325g,£6.00,£1.85/100g,Add 2 for £11,Dietary & Lifestyle
800560,Waitrose Spicy Red Lentil Soup,G,false,1128,https://ecom-su-static-prod.wtrecom.com/images/products/3/LN_800560_BP_3.jpg,https://www.waitrose.com/ecom/products/waitrose-spicy-red-lentil-soup/800560-711272-711273,Waitrose Spicy Red Lentil Soup,600g,£2.85,47.5p/100g,,Dietary & Lifestyle
006210,Essential Self-Raising White Flour,G,false,1129,https://ecom-su-static-prod.wtrecom.com/images/products/3/LN_006210_BP_3.jpg,https://www.waitrose.com/ecom/products/essential-self-raising-white-flour/006210-2724-2725,Essential Self-Raising White Flour,500g,50p,£1/kg,,Dietary & Lifestyle
872414,"No.1 Milk Choc Hazelnut, Cashew & Pistachio",G,false,1130,https://ecom-su-static-prod.wtrecom.com/images/products/3/LN_872414_BP_3.jpg,https://www.waitrose.com/ecom/products/no1-milk-choc-hazelnut-cashew-pistachio/872414-706946-706947,"No.1 Milk Choc Hazelnut, Cashew & Pistachio",100g,£2.25,£2.25/100g,,Dietary & Lifestyle
651993,Knorr Gluten Free Chicken Stock Pot,G,false,1131,https://ecom-su-static-prod.wtrecom.com/images/products/3/LN_651993_BP_3.jpg,https://www.waitrose.com/ecom/products/knorr-gluten-free-chicken-stock-pot/651993-92539-92540,Knorr Gluten Free Chicken Stock Pot,8x28g,£3.20,£1.43/100g,,Dietary & Lifestyle
573766,Charlie Bigham's Thai Green Chicken Curry For 2,G,false,1132,https://ecom-su-static-prod.wtrecom.com/images/products/3/LN_573766_BP_3.jpg,https://www.waitrose.com/ecom/products/charlie-bighams-thai-green-chicken-curry-for-2/573766-723818-723819,Charlie Bigham's Thai Green Chicken Curry For 2,805g,£9.50,£11.81/kg,,Dietary & Lifestyle
629077,Biomel Natural Coconut Milk Alternative Shot,G,false,1133,https://ecom-su-static-prod.wtrecom.com/images/products/3/LN_629077_BP_3.jpg,https://www.waitrose.com/ecom/products/biomel-natural-coconut-milk-alternative-shot/629077-668635-668636,Biomel Natural Coconut Milk Alternative Shot,125ml,£1.25,£1/100ml,,Dietary & Lifestyle
541561,Cooks' Ingredients Curly Parsley Medium Pot,G,false,1134,https://ecom-su-static-prod.wtrecom.com/images/products/3/LN_541561_BP_3.jpg,https://www.waitrose.com/ecom/products/cooks-ingredients-curly-parsley-medium-pot/541561-160477-160478,Cooks' Ingredients Curly Parsley Medium Pot,each,£1.70,£1.70 each,,Dietary & Lifestyle
507583,The Jolly Hog 6 Proper Porkers Sausages,G,false,1135,https://ecom-su-static-prod.wtrecom.com/images/products/3/LN_507583_BP_3.jpg,https://www.waitrose.com/ecom/products/the-jolly-hog-6-proper-porkers-sausages/507583-726304-726305,The Jolly Hog 6 Proper Porkers Sausages,400g,£4.20,£10.50/kg,,Dietary & Lifestyle
605650,Waitrose Free From Gluten Spaghetti,G,false,1136,https://ecom-su-static-prod.wtrecom.com/images/products/3/LN_605650_BP_3.jpg,https://www.waitrose.com/ecom/products/waitrose-free-from-gluten-spaghetti/605650-174576-174577,Waitrose Free From Gluten Spaghetti,500g,£1.75,£3.50/kg,,Dietary & Lifestyle
487754,Nestlé Multigrain Cheerios,G,true,1137,https://ecom-su-static-prod.wtrecom.com/images/products/3/LN_487754_BP_3.jpg,https://www.waitrose.com/ecom/products/nestle-multigrain-cheerios/487754-752897-752898,Nestlé Multigrain Cheerios,390g,£2.00,51.3p/100g,save £1.40. Was £3.40,Dietary & Lifestyle
043300,Tilda Pilau Basmati Rice,G,false,1138,https://ecom-su-static-prod.wtrecom.com/images/products/3/LN_043300_BP_3.jpg,https://www.waitrose.com/ecom/products/tilda-pilau-basmati-rice/043300-21360-21361,Tilda Pilau Basmati Rice,250g,£1.65,£6.60/kg,,Dietary & Lifestyle
709229,Waitrose Garlic & Parsley Ciabatta Breadsticks,G,false,1139,https://ecom-su-static-prod.wtrecom.com/images/products/3/LN_709229_BP_3.jpg,https://www.waitrose.com/ecom/products/waitrose-garlic-parsley-ciabatta-breadsticks/709229-741298-741299,Waitrose Garlic & Parsley Ciabatta Breadsticks,135g,£2.50,£1.86/100g,,Dietary & Lifestyle
861173,Essential 50% Reduced Fat Mature Cheddar Cheese Strength 4,G,false,1140,https://ecom-su-static-prod.wtrecom.com/images/products/3/LN_861173_BP_3.jpg,https://www.waitrose.com/ecom/products/essential-50-reduced-fat-mature-cheddar-cheese-strength-4/861173-451984-451985,Essential 50% Reduced Fat Mature Cheddar Cheese Strength 4,350g,£2.60,£7.43/kg,,Dietary & Lifestyle
455552,Malted Mixed Seeds Bloomer,G,false,1141,https://ecom-su-static-prod.wtrecom.com/images/products/3/LN_455552_BP_3.jpg,https://www.waitrose.com/ecom/products/malted-mixed-seeds-bloomer/455552-704763-704764,Malted Mixed Seeds Bloomer,each,£2.30,£2.30 each,,Dietary & Lifestyle
090078,Duchy Organic Organic Homogenised Semi-Skimmed Milk 1 Pint,G,false,1142,https://ecom-su-static-prod.wtrecom.com/images/products/3/LN_090078_BP_3.jpg,https://www.waitrose.com/ecom/products/duchy-organic-organic-homogenised-semi-skimmed-milk-1-pint/090078-46442-46443,Duchy Organic Organic Homogenised Semi-Skimmed Milk 1 Pint,568ml,£1.15,£2.03/litre,,Dietary & Lifestyle
701362,Waitrose Mixed Berry Trifle,G,false,1143,https://ecom-su-static-prod.wtrecom.com/images/products/3/LN_701362_BP_3.jpg,https://www.waitrose.com/ecom/products/waitrose-mixed-berry-trifle/701362-344327-344328,Waitrose Mixed Berry Trifle,578g,£4.00,69.2p/100g,,Dietary & Lifestyle
690617,Linda McCartney's 2 Vegan 1/4lb Burgers,G,false,1144,https://ecom-su-static-prod.wtrecom.com/images/products/3/LN_690617_BP_3.jpg,https://www.waitrose.com/ecom/products/linda-mccartneys-2-vegan-1-4lb-burgers/690617-493130-493131,Linda McCartney's 2 Vegan 1/4lb Burgers,227g,£2.60,£11.46/kg,,Dietary & Lifestyle
713734,Weetabix Oatibix Flakes,G,false,1145,https://ecom-su-static-prod.wtrecom.com/images/products/3/LN_713734_BP_3.jpg,https://www.waitrose.com/ecom/products/weetabix-oatibix-flakes/713734-101432-101433,Weetabix Oatibix Flakes,550g,£4.00,72.7p/100g,,Dietary & Lifestyle
658700,Tyrrells Smoked Paprika Crisps,G,false,1146,https://ecom-su-static-prod.wtrecom.com/images/products/3/LN_658700_BP_3.jpg,https://www.waitrose.com/ecom/products/tyrrells-smoked-paprika-crisps/658700-93533-93534,Tyrrells Smoked Paprika Crisps,150g,£2.75,£1.84/100g,,Dietary & Lifestyle
869629,Activia Raspberry No Added Sugar Gut Health Yogurt Multipack,G,true,1147,https://ecom-su-static-prod.wtrecom.com/images/products/3/LN_869629_BP_3.jpg,https://www.waitrose.com/ecom/products/activia-raspberry-no-added-sugar-gut-health-yogurt-multipack/869629-690846-690847,Activia Raspberry No Added Sugar Gut Health Yogurt Multipack,4x115g,£1.75,38p/100g,save 90p. Was £2.65,Dietary & Lifestyle
517524,Fix 8 Kombucha Ginger Tumeric,G,false,1148,https://ecom-su-static-prod.wtrecom.com/images/products/3/LN_517524_BP_3.jpg,https://www.waitrose.com/ecom/products/fix-8-kombucha-ginger-tumeric/517524-791833-791834,Fix 8 Kombucha Ginger Tumeric,4x250ml,£5.50,55p/100ml,,Dietary & Lifestyle
085516,Duchy Organic Butternut Squash,G,false,1149,https://ecom-su-static-prod.wtrecom.com/images/products/3/LN_085516_BP_3.jpg,https://www.waitrose.com/ecom/products/duchy-organic-butternut-squash/085516-43598-43599,Duchy Organic Butternut Squash,Typical weight 1.04kg,£2.29 each est.,£2.20/kg,,Dietary & Lifestyle
497074,Waitrose Soft Apricots,G,false,1150,https://ecom-su-static-prod.wtrecom.com/images/products/3/LN_497074_BP_3.jpg,https://www.waitrose.com/ecom/products/waitrose-soft-apricots/497074-491955-491956,Waitrose Soft Apricots,500g,£4.25,85p/100g,,Dietary & Lifestyle
085112,Duchy Organic Red Onions,G,false,1151,https://ecom-su-static-prod.wtrecom.com/images/products/3/LN_085112_BP_3.jpg,https://www.waitrose.com/ecom/products/duchy-organic-red-onions/085112-43199-43200,Duchy Organic Red Onions,500g,£1.50,£3/kg,,Dietary & Lifestyle
461200,Quorn Vegetarian Mince,G,false,1152,https://ecom-su-static-prod.wtrecom.com/images/products/3/LN_461200_BP_3.jpg,https://www.waitrose.com/ecom/products/quorn-vegetarian-mince/461200-794912-794913,Quorn Vegetarian Mince,300g,£2.65,£8.84/kg,,Dietary & Lifestyle
518092,No.1 Dominican Republic Milk Chocolate 49%,G,false,1153,https://ecom-su-static-prod.wtrecom.com/images/products/3/LN_518092_BP_3.jpg,https://www.waitrose.com/ecom/products/no1-dominican-republic-milk-chocolate-49/518092-707052-707053,No.1 Dominican Republic Milk Chocolate 49%,100g,£2.25,£2.25/100g,,Dietary & Lifestyle
020140,Essential Peach Halves in Fruit Juice,G,false,1154,https://ecom-su-static-prod.wtrecom.com/images/products/3/LN_020140_BP_3.jpg,https://www.waitrose.com/ecom/products/essential-peach-halves-in-fruit-juice/020140-9807-9808,Essential Peach Halves in Fruit Juice,drained 248g,£1.15,£4.64/kg,,Dietary & Lifestyle
735778,Marmite Rice Cakes,G,false,1155,https://ecom-su-static-prod.wtrecom.com/images/products/3/LN_735778_BP_3.jpg,https://www.waitrose.com/ecom/products/marmite-rice-cakes/735778-104580-104581,Marmite Rice Cakes,110g,£2.10,£1.91/100g,,Dietary & Lifestyle
086110,Cooks' Ingredients Oregano,G,false,1156,https://ecom-su-static-prod.wtrecom.com/images/products/3/LN_086110_BP_3.jpg,https://www.waitrose.com/ecom/products/cooks-ingredients-oregano/086110-43937-43938,Cooks' Ingredients Oregano,15g,75p,50p/10g,,Dietary & Lifestyle
490361,Waitrose Fresh Linguine,G,false,1157,https://ecom-su-static-prod.wtrecom.com/images/products/3/LN_490361_BP_3.jpg,https://www.waitrose.com/ecom/products/waitrose-fresh-linguine/490361-793220-793221,Waitrose Fresh Linguine,500g,£2.30,£4.60/kg,,Dietary & Lifestyle
626964,Waitrose Seed Berry & Goji Mix,G,false,1158,https://ecom-su-static-prod.wtrecom.com/images/products/3/LN_626964_BP_3.jpg,https://www.waitrose.com/ecom/products/waitrose-seed-berry-goji-mix/626964-492043-492044,Waitrose Seed Berry & Goji Mix,180g,£2.50,£1.39/100g,,Dietary & Lifestyle
624055,Graze Lemon Blueberry Oat Boosts,G,false,1159,https://ecom-su-static-prod.wtrecom.com/images/products/3/LN_624055_BP_3.jpg,https://www.waitrose.com/ecom/products/graze-lemon-blueberry-oat-boosts/624055-786182-786183,Graze Lemon Blueberry Oat Boosts,4x30g,£2.90,£2.42/100g,,Dietary & Lifestyle
410992,Young's Gastro 2 Lemon & Parsley Cod Fillets,G,false,1160,https://ecom-su-static-prod.wtrecom.com/images/products/3/LN_410992_BP_3.jpg,https://www.waitrose.com/ecom/products/youngs-gastro-2-lemon-parsley-cod-fillets/410992-629126-629127,Young's Gastro 2 Lemon & Parsley Cod Fillets,270g,£5.25,£19.45/kg,,Dietary & Lifestyle
036284,Scott's Porage Old Fashioned Porridge Oats,G,true,1161,https://ecom-su-static-prod.wtrecom.com/images/products/3/LN_036284_BP_3.jpg,https://www.waitrose.com/ecom/products/scotts-porage-old-fashioned-porridge-oats/036284-18201-18202,Scott's Porage Old Fashioned Porridge Oats,1kg,£2.95,29.5p/100g,Add 2 for £4,Dietary & Lifestyle
403051,Equinox Kombucha Ginger Organic Fruit Juice Single,G,false,1162,https://ecom-su-static-prod.wtrecom.com/images/products/3/LN_403051_BP_3.jpg,https://www.waitrose.com/ecom/products/equinox-kombucha-ginger-organic-fruit-juice-single/403051-712961-712962,Equinox Kombucha Ginger Organic Fruit Juice Single,275ml,£2.20,80p/100ml,,Dietary & Lifestyle
008602,Waitrose Demerara Sugar,G,false,1163,https://ecom-su-static-prod.wtrecom.com/images/products/3/LN_008602_BP_3.jpg,https://www.waitrose.com/ecom/products/waitrose-demerara-sugar/008602-4101-4102,Waitrose Demerara Sugar,1kg,£2.60,£2.60/kg,,Dietary & Lifestyle
582868,Easy to Cook Chicken Parmigiana,G,false,1164,https://ecom-su-static-prod.wtrecom.com/images/products/3/LN_582868_BP_3.jpg,https://www.waitrose.com/ecom/products/easy-to-cook-chicken-parmigiana/582868-702204-702205,Easy to Cook Chicken Parmigiana,450g,£7.50,£16.67/kg,,Dietary & Lifestyle
807863,Brewdog Punk IPA Alcohol Free,G,false,1165,https://ecom-su-static-prod.wtrecom.com/images/products/3/LN_807863_BP_3.jpg,https://www.waitrose.com/ecom/products/brewdog-punk-ipa-alcohol-free/807863-728518-728519,Brewdog Punk IPA Alcohol Free,4x330ml,£5.50,£4.17/litre,,Dietary & Lifestyle
022505,John West Wild Pacific Red Salmon,G,false,1166,https://ecom-su-static-prod.wtrecom.com/images/products/3/LN_022505_BP_3.jpg,https://www.waitrose.com/ecom/products/john-west-wild-pacific-red-salmon/022505-10976-10977,John West Wild Pacific Red Salmon,213g,£4.25,£2/100g,,Dietary & Lifestyle
703092,Unearthed Spanish Omelette,G,true,1167,https://ecom-su-static-prod.wtrecom.com/images/products/3/LN_703092_BP_3.jpg,https://www.waitrose.com/ecom/products/unearthed-spanish-omelette/703092-657799-657800,Unearthed Spanish Omelette,250g,£2.40,96p/100g,25% Off. Was £3.20,Dietary & Lifestyle
023188,Waitrose Brazil Nuts,G,false,1168,https://ecom-su-static-prod.wtrecom.com/images/products/3/LN_023188_BP_3.jpg,https://www.waitrose.com/ecom/products/waitrose-brazil-nuts/023188-11269-11270,Waitrose Brazil Nuts,300g,£4.50,£1.50/100g,,Dietary & Lifestyle
067375,Essential 50% Reduced Fat Soft Cheese Strength 1,G,false,1169,https://ecom-su-static-prod.wtrecom.com/images/products/3/LN_067375_BP_3.jpg,https://www.waitrose.com/ecom/products/essential-50-reduced-fat-soft-cheese-strength-1/067375-34179-34180,Essential 50% Reduced Fat Soft Cheese Strength 1,250g,£1.25,£5/kg,,Dietary & Lifestyle
544188,Crosta & Mollica Tarallini Fennel Seed,G,false,1170,https://ecom-su-static-prod.wtrecom.com/images/products/3/LN_544188_BP_3.jpg,https://www.waitrose.com/ecom/products/crosta-mollica-tarallini-fennel-seed/544188-76934-76935,Crosta & Mollica Tarallini Fennel Seed,180g,£2.10,£1.17/100g,,Dietary & Lifestyle
002620,Waitrose Grissini Breadsticks Sesame Seed,G,false,1171,https://ecom-su-static-prod.wtrecom.com/images/products/3/LN_002620_BP_3.jpg,https://www.waitrose.com/ecom/products/waitrose-grissini-breadsticks-sesame-seed/002620-900-901,Waitrose Grissini Breadsticks Sesame Seed,125g,£1.00,80p/100g,,Dietary & Lifestyle
511930,Cooks' Ingredients Jalapeno Chillies,G,false,1172,https://ecom-su-static-prod.wtrecom.com/images/products/3/LN_511930_BP_3.jpg,https://www.waitrose.com/ecom/products/cooks-ingredients-jalapeno-chillies/511930-239371-239372,Cooks' Ingredients Jalapeno Chillies,100g,£1.40,£14/kg,,Dietary & Lifestyle
097360,Waitrose Spinach Mornay,G,false,1173,https://ecom-su-static-prod.wtrecom.com/images/products/3/LN_097360_BP_3.jpg,https://www.waitrose.com/ecom/products/waitrose-spinach-mornay/097360-49715-49716,Waitrose Spinach Mornay,300g,£2.90,£9.67/kg,,Dietary & Lifestyle
890885,The Collective Gourmet Mango Yogurt,G,true,1174,https://ecom-su-static-prod.wtrecom.com/images/products/3/LN_890885_BP_3.jpg,https://www.waitrose.com/ecom/products/the-collective-gourmet-mango-yogurt/890885-405900-405901,The Collective Gourmet Mango Yogurt,425g,£2.00,47.1p/100g,save £1.10. Was £3.10,Dietary & Lifestyle
067214,New Covent Garden Tomato & Basil Soup,G,false,1175,https://ecom-su-static-prod.wtrecom.com/images/products/3/LN_067214_BP_3.jpg,https://www.waitrose.com/ecom/products/new-covent-garden-tomato-basil-soup/067214-34074-34075,New Covent Garden Tomato & Basil Soup,560g,£2.35,42p/100g,,Dietary & Lifestyle
597881,San Miguel Alcohol-Free Lager Bottles,G,false,1176,https://ecom-su-static-prod.wtrecom.com/images/products/3/LN_597881_BP_3.jpg,https://www.waitrose.com/ecom/products/san-miguel-alcohol-free-lager-bottles/597881-489053-489054,San Miguel Alcohol-Free Lager Bottles,4x330ml,£4.25,£3.22/litre,,Dietary & Lifestyle
716148,Duchy Organic Muesli with Raisins & Almonds,G,false,1177,https://ecom-su-static-prod.wtrecom.com/images/products/3/LN_716148_BP_3.jpg,https://www.waitrose.com/ecom/products/duchy-organic-muesli-with-raisins-almonds/716148-164474-164475,Duchy Organic Muesli with Raisins & Almonds,750g,£3.00,40p/100g,,Dietary & Lifestyle
572670,GOOD TO GO Mango,G,true,1178,https://ecom-su-static-prod.wtrecom.com/images/products/3/LN_572670_BP_3.jpg,https://www.waitrose.com/ecom/products/good-to-go-mango/572670-133568-133569,GOOD TO GO Mango,130g,£1.55,£11.93/kg,"£5 Food to Go Meal Deal: Add 1 Main, 1 Snack and 1 Drink",Dietary & Lifestyle
640581,Mr Organic Organic Chickpeas,G,true,1179,https://ecom-su-static-prod.wtrecom.com/images/products/3/LN_640581_BP_3.jpg,https://www.waitrose.com/ecom/products/mr-organic-organic-chickpeas/640581-743848-743849,Mr Organic Organic Chickpeas,4x400g,£4.50,£2.82/kg,20% Off. Was £5.65,Dietary & Lifestyle
603980,Mirabeau Pure Rosé Provence,W,true,1180,https://ecom-su-static-prod.wtrecom.com/images/products/3/LN_603980_BP_3.jpg,https://www.waitrose.com/ecom/products/mirabeau-pure-rose-provence/603980-413442-413443,Mirabeau Pure Rosé Provence,75cl,£12.99,£12.99/75cl,save £4.00. Was £16.99,Dietary & Lifestyle
029143,Heinz Classic Vegetable Soup,G,true,1181,https://ecom-su-static-prod.wtrecom.com/images/products/3/LN_029143_BP_3.jpg,https://www.waitrose.com/ecom/products/heinz-classic-vegetable-soup/029143-14211-14212,Heinz Classic Vegetable Soup,400g,£1.75,43.8p/100g,Add 3 for £4.50,Dietary & Lifestyle
551047,Richmond 8 Vegan Meat Free Sausages,G,true,1182,https://ecom-su-static-prod.wtrecom.com/images/products/3/LN_551047_BP_3.jpg,https://www.waitrose.com/ecom/products/richmond-8-vegan-meat-free-sausages/551047-745730-745731,Richmond 8 Vegan Meat Free Sausages,304g,£2.10,£6.91/kg,25% Off. Was £2.80,Dietary & Lifestyle
791207,Yorkshire Provender Tomato Red Pepper Soup,G,true,1183,https://ecom-su-static-prod.wtrecom.com/images/products/3/LN_791207_BP_3.jpg,https://www.waitrose.com/ecom/products/yorkshire-provender-tomato-red-pepper-soup/791207-112557-112558,Yorkshire Provender Tomato Red Pepper Soup,560g,£2.65,47.3p/100g,save 55p. Was £3.20,Dietary & Lifestyle
006671,Waitrose Dried Apricots,G,false,1184,https://ecom-su-static-prod.wtrecom.com/images/products/3/LN_006671_BP_3.jpg,https://www.waitrose.com/ecom/products/waitrose-dried-apricots/006671-2965-2966,Waitrose Dried Apricots,500g,£4.00,£8/kg,,Dietary & Lifestyle
802838,Essential Mackerel in Spicy Tomato Sauce,G,false,1185,https://ecom-su-static-prod.wtrecom.com/images/products/3/LN_802838_BP_3.jpg,https://www.waitrose.com/ecom/products/essential-mackerel-in-spicy-tomato-sauce/802838-245003-245004,Essential Mackerel in Spicy Tomato Sauce,125g,£1.00,80p/100g,,Dietary & Lifestyle
886443,Waitrose Arrabbiata Sauce,G,false,1186,https://ecom-su-static-prod.wtrecom.com/images/products/3/LN_886443_BP_3.jpg,https://www.waitrose.com/ecom/products/waitrose-arrabbiata-sauce/886443-793296-793297,Waitrose Arrabbiata Sauce,350g,£2.95,84.3p/100g,,Dietary & Lifestyle
534324,Waitrose Cajun Chicken Breast Fillets,G,true,1187,https://ecom-su-static-prod.wtrecom.com/images/products/3/LN_534324_BP_3.jpg,https://www.waitrose.com/ecom/products/waitrose-cajun-chicken-breast-fillets/534324-619767-619768,Waitrose Cajun Chicken Breast Fillets,270g,£4.30,£15.93/kg,£8 Chicken Dinner Meal Deal: Add 1 Main & 2 Extras,Dietary & Lifestyle
097445,Waitrose Roasted Chopped Hazelnuts,G,false,1188,https://ecom-su-static-prod.wtrecom.com/images/products/3/LN_097445_BP_3.jpg,https://www.waitrose.com/ecom/products/waitrose-roasted-chopped-hazelnuts/097445-49761-49762,Waitrose Roasted Chopped Hazelnuts,100g,£2.25,£2.25/100g,,Dietary & Lifestyle
561503,Whole Earth Crunchy Peanut Butter,G,false,1189,https://ecom-su-static-prod.wtrecom.com/images/products/3/LN_561503_BP_3.jpg,https://www.waitrose.com/ecom/products/whole-earth-crunchy-peanut-butter/561503-518910-518911,Whole Earth Crunchy Peanut Butter,454g,£4.75,£1.05/100g,,Dietary & Lifestyle
517528,Charlie Bigham's Roast Chicken & Mushroom Full Pastry Pie,G,true,1190,https://ecom-su-static-prod.wtrecom.com/images/products/3/LN_517528_BP_3.jpg,https://www.waitrose.com/ecom/products/charlie-bighams-roast-chicken-mushroom-full-pastry-pie/517528-707086-707087,Charlie Bigham's Roast Chicken & Mushroom Full Pastry Pie,270g,£5.00,£1.86/100g,Add 2 for £9,Dietary & Lifestyle
852666,Waitrose Original Porridge Pot,G,false,1191,https://ecom-su-static-prod.wtrecom.com/images/products/3/LN_852666_BP_3.jpg,https://www.waitrose.com/ecom/products/waitrose-original-porridge-pot/852666-479677-479678,Waitrose Original Porridge Pot,60g,75p,£1.25/100g,,Dietary & Lifestyle
499648,Urban Fruit No Added Sugar Baked Mango,G,true,1192,https://ecom-su-static-prod.wtrecom.com/images/products/3/LN_499648_BP_3.jpg,https://www.waitrose.com/ecom/products/urban-fruit-no-added-sugar-baked-mango/499648-271362-271363,Urban Fruit No Added Sugar Baked Mango,100g,£2.75,£2.75/100g,Add 2 for £4.20,Dietary & Lifestyle
053559,Cadbury Flake Chocolate Dessert,G,true,1193,https://ecom-su-static-prod.wtrecom.com/images/products/3/LN_053559_BP_3.jpg,https://www.waitrose.com/ecom/products/cadbury-flake-chocolate-dessert/053559-26815-26816,Cadbury Flake Chocolate Dessert,75g,85p,£1.14/100g,Save 1/3. Was £1.30,Dietary & Lifestyle
725476,Lindahls Kvarg Raspberry High Protein Yogurt Single,G,true,1194,https://ecom-su-static-prod.wtrecom.com/images/products/3/LN_725476_BP_3.jpg,https://www.waitrose.com/ecom/products/lindahls-kvarg-raspberry-high-protein-yogurt-single/725476-653608-653609,Lindahls Kvarg Raspberry High Protein Yogurt Single,150g,£1.30,86.7p/100g,Add 2 for £1.50,Dietary & Lifestyle
826543,Charlie Bigham's Chicken Jalfrezi & Pilau Rice for 2,G,false,1195,https://ecom-su-static-prod.wtrecom.com/images/products/3/LN_826543_BP_3.jpg,https://www.waitrose.com/ecom/products/charlie-bighams-chicken-jalfrezi-pilau-rice-for-2/826543-382340-382341,Charlie Bigham's Chicken Jalfrezi & Pilau Rice for 2,845g,£9.50,£11.25/kg,,Dietary & Lifestyle
456573,Waitrose Free From Gluten Mixed Seed Loaf,G,false,1196,https://ecom-su-static-prod.wtrecom.com/images/products/3/LN_456573_BP_3.jpg,https://www.waitrose.com/ecom/products/waitrose-free-from-gluten-mixed-seed-loaf/456573-744927-744928,Waitrose Free From Gluten Mixed Seed Loaf,400g,£2.95,73.8p/100g,,Dietary & Lifestyle
020133,Essential Peach Slices in Light Syrup,G,false,1197,https://ecom-su-static-prod.wtrecom.com/images/products/3/LN_020133_BP_3.jpg,https://www.waitrose.com/ecom/products/essential-peach-slices-in-light-syrup/020133-9801-9802,Essential Peach Slices in Light Syrup,drained 248g,£1.15,£4.64/kg,,Dietary & Lifestyle
023105,Kallo Organic Vegetable Low Salt Stock Cubes,G,false,1198,https://ecom-su-static-prod.wtrecom.com/images/products/3/LN_023105_BP_3.jpg,https://www.waitrose.com/ecom/products/kallo-organic-vegetable-low-salt-stock-cubes/023105-11241-11242,Kallo Organic Vegetable Low Salt Stock Cubes,60g,£1.55,£2.59/100g,,Dietary & Lifestyle
582157,Mister Free'd Gluten Free Avocado Tortilla Chips,G,false,1199,https://ecom-su-static-prod.wtrecom.com/images/products/3/LN_582157_BP_3.jpg,https://www.waitrose.com/ecom/products/mister-freed-gluten-free-avocado-tortilla-chips/582157-749673-749674,Mister Free'd Gluten Free Avocado Tortilla Chips,135g,£2.10,£1.56/100g,,Dietary & Lifestyle
862793,"Waitrose 2 Sea Bass Fillets with Coriander, Lime & Chilli",G,false,1200,https://ecom-su-static-prod.wtrecom.com/images/products/3/LN_862793_BP_3.jpg,https://www.waitrose.com/ecom/products/waitrose-2-sea-bass-fillets-with-coriander-lime-chilli/862793-539057-539058,"Waitrose 2 Sea Bass Fillets with Coriander, Lime & Chilli",200g,£6.25,£31.25/kg,,Dietary & Lifestyle
524734,Tilda Basmati & Quinoa Wholegrain Rice,G,true,1201,https://ecom-su-static-prod.wtrecom.com/images/products/3/LN_524734_BP_3.jpg,https://www.waitrose.com/ecom/products/tilda-basmati-quinoa-wholegrain-rice/524734-367742-367743,Tilda Basmati & Quinoa Wholegrain Rice,250g,£1.00,£4/kg,save 85p. Was £1.85,Dietary & Lifestyle
565042,Graze Cocoa Vanilla Oat Boosts,G,false,1202,https://ecom-su-static-prod.wtrecom.com/images/products/3/LN_565042_BP_3.jpg,https://www.waitrose.com/ecom/products/graze-cocoa-vanilla-oat-boosts/565042-589217-589218,Graze Cocoa Vanilla Oat Boosts,4x30g,£2.90,£2.42/100g,,Dietary & Lifestyle
728190,Dorset Cereals Honey Granola Breakfast Cereal,G,false,1203,https://ecom-su-static-prod.wtrecom.com/images/products/3/LN_728190_BP_3.jpg,https://www.waitrose.com/ecom/products/dorset-cereals-honey-granola-breakfast-cereal/728190-808086-808087,Dorset Cereals Honey Granola Breakfast Cereal,450g,£3.75,83.3p/100g,,Dietary & Lifestyle
721325,Jude's Vanilla Clotted Cream Ice Cream,G,false,1204,https://ecom-su-static-prod.wtrecom.com/images/products/3/LN_721325_BP_3.jpg,https://www.waitrose.com/ecom/products/judes-vanilla-clotted-cream-ice-cream/721325-657005-657006,Jude's Vanilla Clotted Cream Ice Cream,460ml,£5.25,£1.15/100ml,,Dietary & Lifestyle
035231,Green & Black's Organic Hazelnut & Currant Dark Chocolate Bar,G,false,1205,https://ecom-su-static-prod.wtrecom.com/images/products/3/LN_035231_BP_3.jpg,https://www.waitrose.com/ecom/products/green-blacks-organic-hazelnut-currant-dark-chocolate-bar/035231-17745-17746,Green & Black's Organic Hazelnut & Currant Dark Chocolate Bar,90g,£2.50,£2.78/100g,,Dietary & Lifestyle
838922,DA-SH Water Peach Infused Sparkling Water,G,true,1206,https://ecom-su-static-prod.wtrecom.com/images/products/3/LN_838922_BP_3.jpg,https://www.waitrose.com/ecom/products/da-sh-water-peach-infused-sparkling-water/838922-741466-741467,DA-SH Water Peach Infused Sparkling Water,4x330ml,£4.70,35.6p/100ml,Add 2 for £5.50,Dietary & Lifestyle
669570,Proper Corn Sweet & Salty,G,true,1207,https://ecom-su-static-prod.wtrecom.com/images/products/3/LN_669570_BP_3.jpg,https://www.waitrose.com/ecom/products/proper-corn-sweet-salty/669570-347808-347809,Proper Corn Sweet & Salty,90g,£1.50,£1.67/100g,save 50p. Was £2.00,Dietary & Lifestyle
892643,"Waitrose Mango, Pineapple & Passion Fruit",G,false,1208,https://ecom-su-static-prod.wtrecom.com/images/products/3/LN_892643_BP_3.jpg,https://www.waitrose.com/ecom/products/waitrose-mango-pineapple-passion-fruit/892643-698218-698219,"Waitrose Mango, Pineapple & Passion Fruit",300g,£3.50,£1.17/100g,,Dietary & Lifestyle
417920,Heinz Tomato Ketchup,G,false,1209,https://ecom-su-static-prod.wtrecom.com/images/products/3/LN_417920_BP_3.jpg,https://www.waitrose.com/ecom/products/heinz-tomato-ketchup/417920-726945-726946,Heinz Tomato Ketchup,910g,£4.50,49.5p/100g,,Dietary & Lifestyle
822624,Rude Health Brown Rice Milk Long Life Organic Milk Alternative,G,true,1210,https://ecom-su-static-prod.wtrecom.com/images/products/3/LN_822624_BP_3.jpg,https://www.waitrose.com/ecom/products/rude-health-brown-rice-milk-long-life-organic-milk-alternative/822624-287775-287776,Rude Health Brown Rice Milk Long Life Organic Milk Alternative,1litre,£2.30,£2.30/litre,Add 2 for £3.80,Dietary & Lifestyle
500603,Waitrose Frozen Forest Fruit Mix,G,false,1211,https://ecom-su-static-prod.wtrecom.com/images/products/3/LN_500603_BP_3.jpg,https://www.waitrose.com/ecom/products/waitrose-frozen-forest-fruit-mix/500603-70743-70744,Waitrose Frozen Forest Fruit Mix,450g,£2.35,52.2p/100g,,Dietary & Lifestyle
833953,Plenish Cashew Long Life Unsweetened Organic Milk Alternative,G,false,1212,https://ecom-su-static-prod.wtrecom.com/images/products/3/LN_833953_BP_3.jpg,https://www.waitrose.com/ecom/products/plenish-cashew-long-life-unsweetened-organic-milk-alternative/833953-513166-513167,Plenish Cashew Long Life Unsweetened Organic Milk Alternative,1litre,£2.35,£2.35/litre,,Dietary & Lifestyle
026394,Fage Total 2% Fat Natural Greek Yogurt,G,true,1213,https://ecom-su-static-prod.wtrecom.com/images/products/3/LN_026394_BP_3.jpg,https://www.waitrose.com/ecom/products/fage-total-2-fat-natural-greek-yogurt/026394-12843-12844,Fage Total 2% Fat Natural Greek Yogurt,450g,£3.00,66.7p/100g,save 70p. Was £3.70,Dietary & Lifestyle
096543,Weetabix Oatibix Biscuits,G,false,1214,https://ecom-su-static-prod.wtrecom.com/images/products/3/LN_096543_BP_3.jpg,https://www.waitrose.com/ecom/products/weetabix-oatibix-biscuits/096543-49380-49381,Weetabix Oatibix Biscuits,24s,£4.00,16.7p each,,Dietary & Lifestyle
385922,nakd. Berry Delight Fruit & Nut Bars Multipack,G,false,1215,https://ecom-su-static-prod.wtrecom.com/images/products/3/LN_385922_BP_3.jpg,https://www.waitrose.com/ecom/products/nakd-berry-delight-fruit-nut-bars-multipack/385922-134835-134836,nakd. Berry Delight Fruit & Nut Bars Multipack,4x35g,£3.15,£2.25/100g,,Dietary & Lifestyle
874038,Kellogg's Cereal Variety 8 Pack Breakfast Cereal,G,true,1216,https://ecom-su-static-prod.wtrecom.com/images/products/3/LN_874038_BP_3.jpg,https://www.waitrose.com/ecom/products/kelloggs-cereal-variety-8-pack-breakfast-cereal/874038-182177-182178,Kellogg's Cereal Variety 8 Pack Breakfast Cereal,196g,£1.75,89.3p/100g,save £1.40. Was £3.15,Dietary & Lifestyle
016752,Essential Rich Roast Coffee,G,false,1217,https://ecom-su-static-prod.wtrecom.com/images/products/3/LN_016752_BP_3.jpg,https://www.waitrose.com/ecom/products/essential-rich-roast-coffee/016752-8059-8060,Essential Rich Roast Coffee,100g,£1.30,£1.30/100g,,Dietary & Lifestyle
498155,Waitrose Pistachio Kernels,G,false,1218,https://ecom-su-static-prod.wtrecom.com/images/products/3/LN_498155_BP_3.jpg,https://www.waitrose.com/ecom/products/waitrose-pistachio-kernels/498155-491957-491958,Waitrose Pistachio Kernels,150g,£4.25,£2.84/100g,,Dietary & Lifestyle
659679,Quaker Oat So Simple Golden Syrup Porridge Pot,G,true,1219,https://ecom-su-static-prod.wtrecom.com/images/products/3/LN_659679_BP_3.jpg,https://www.waitrose.com/ecom/products/quaker-oat-so-simple-golden-syrup-porridge-pot/659679-151595-151596,Quaker Oat So Simple Golden Syrup Porridge Pot,57g,£1.35,£2.37/100g,Add 4 for £4,Dietary & Lifestyle
021639,Waitrose Brazil Nuts,G,false,1220,https://ecom-su-static-prod.wtrecom.com/images/products/3/LN_021639_BP_3.jpg,https://www.waitrose.com/ecom/products/waitrose-brazil-nuts/021639-10564-10565,Waitrose Brazil Nuts,150g,£2.75,£1.84/100g,,Dietary & Lifestyle
430914,Waitrose Italian Style Instant Coffee,G,false,1221,https://ecom-su-static-prod.wtrecom.com/images/products/3/LN_430914_BP_3.jpg,https://www.waitrose.com/ecom/products/waitrose-italian-style-instant-coffee/430914-156161-156162,Waitrose Italian Style Instant Coffee,100g,£3.50,£3.50/100g,,Dietary & Lifestyle
701562,"Charlie Bigham's Chicken, Ham & Leek Full Pastry Pie",G,true,1222,https://ecom-su-static-prod.wtrecom.com/images/products/3/LN_701562_BP_3.jpg,https://www.waitrose.com/ecom/products/charlie-bighams-chicken-ham-leek-full-pastry-pie/701562-707118-707119,"Charlie Bigham's Chicken, Ham & Leek Full Pastry Pie",270g,£5.00,£1.86/100g,Add 2 for £9,Dietary & Lifestyle
066568,Waitrose British Rose Veal Escalopes,G,false,1223,https://ecom-su-static-prod.wtrecom.com/images/products/3/LN_066568_BP_3.jpg,https://www.waitrose.com/ecom/products/waitrose-british-rose-veal-escalopes/066568-33709-33710,Waitrose British Rose Veal Escalopes,Typical weight 0.12kg,£3.74 each est.,£32.50/kg,,Dietary & Lifestyle
886544,Kallo Organic Very Low Salt Chicken 6 Cubes,G,false,1224,https://ecom-su-static-prod.wtrecom.com/images/products/3/LN_886544_BP_3.jpg,https://www.waitrose.com/ecom/products/kallo-organic-very-low-salt-chicken-6-cubes/886544-230119-230120,Kallo Organic Very Low Salt Chicken 6 Cubes,48g,£1.55,£3.23/100g,,Dietary & Lifestyle
879177,Waitrose Free From Gluten Tiger Loaf,G,false,1225,https://ecom-su-static-prod.wtrecom.com/images/products/3/LN_879177_BP_3.jpg,https://www.waitrose.com/ecom/products/waitrose-free-from-gluten-tiger-loaf/879177-745647-745648,Waitrose Free From Gluten Tiger Loaf,375g,£3.40,90.7p/100g,,Dietary & Lifestyle
017483,Waitrose Sliced Artichoke Hearts,G,false,1226,https://ecom-su-static-prod.wtrecom.com/images/products/3/LN_017483_BP_3.jpg,https://www.waitrose.com/ecom/products/waitrose-sliced-artichoke-hearts/017483-8480-8481,Waitrose Sliced Artichoke Hearts,280g,£3.70,£1.33/100g,,Dietary & Lifestyle
602510,Clipper Organic Fairtrade Everyday 160 Tea Bags,G,false,1227,https://ecom-su-static-prod.wtrecom.com/images/products/3/LN_602510_BP_3.jpg,https://www.waitrose.com/ecom/products/clipper-organic-fairtrade-everyday-160-tea-bags/602510-776728-776729,Clipper Organic Fairtrade Everyday 160 Tea Bags,464g,£7.25,£1.57/100g,,Dietary & Lifestyle
741259,Essential 8 Buttermilk Pancakes,G,false,1228,https://ecom-su-static-prod.wtrecom.com/images/products/3/LN_741259_BP_3.jpg,https://www.waitrose.com/ecom/products/essential-8-buttermilk-pancakes/741259-105395-105396,Essential 8 Buttermilk Pancakes,280g,£2.25,80.4p/100g,,Dietary & Lifestyle
519110,Rude Health Organic Ultimate Granola,G,true,1229,https://ecom-su-static-prod.wtrecom.com/images/products/3/LN_519110_BP_3.jpg,https://www.waitrose.com/ecom/products/rude-health-organic-ultimate-granola/519110-741739-741740,Rude Health Organic Ultimate Granola,400g,£2.80,70p/100g,Save 1/3. Was £4.20,Dietary & Lifestyle
003303,Jordans Country Crisp Raspberry Cereal,G,true,1230,https://ecom-su-static-prod.wtrecom.com/images/products/3/LN_003303_BP_3.jpg,https://www.waitrose.com/ecom/products/jordans-country-crisp-raspberry-cereal/003303-1267-1268,Jordans Country Crisp Raspberry Cereal,500g,£2.50,50p/100g,save £1.30. Was £3.80,Dietary & Lifestyle
471544,Alpro Soya Soya Long Life Dairy Free Growing Up Milk Alternative 1-3+ Years,G,true,1231,https://ecom-su-static-prod.wtrecom.com/images/products/3/LN_471544_BP_3.jpg,https://www.waitrose.com/ecom/products/alpro-soya-soya-long-life-dairy-free-growing-up-milk-alternative-1-3-years/471544-134877-134878,Alpro Soya Soya Long Life Dairy Free Growing Up Milk Alternative 1-3+ Years,1litre,£1.50,£1.50/litre,save 50p. Was £2.00,Dietary & Lifestyle
622566,Waitrose Indian Vegetable Biryani for 1,G,false,1232,https://ecom-su-static-prod.wtrecom.com/images/products/3/LN_622566_BP_3.jpg,https://www.waitrose.com/ecom/products/waitrose-indian-vegetable-biryani-for-1/622566-672041-672042,Waitrose Indian Vegetable Biryani for 1,450g,£4.95,£11/kg,,Dietary & Lifestyle
423053,Actimel Immunity 0% Added Sugar Fat Free Live Yogurt Drinks Large Pack,G,true,1233,https://ecom-su-static-prod.wtrecom.com/images/products/3/LN_423053_BP_3.jpg,https://www.waitrose.com/ecom/products/actimel-immunity-0-added-sugar-fat-free-live-yogurt-drinks-large-pack/423053-113842-113843,Actimel Immunity 0% Added Sugar Fat Free Live Yogurt Drinks Large Pack,12x100g,£3.00,25p/100g,save £1.75. Was £4.75,Dietary & Lifestyle
642758,Waitrose Swiss Chard,G,false,1234,https://ecom-su-static-prod.wtrecom.com/images/products/3/LN_642758_BP_3.jpg,https://www.waitrose.com/ecom/products/waitrose-swiss-chard/642758-138093-138094,Waitrose Swiss Chard,200g,£1.95,£9.75/kg,,Dietary & Lifestyle
776539,Plenish Coconut Long Life Unsweetened Organic Milk Alternative,G,false,1235,https://ecom-su-static-prod.wtrecom.com/images/products/3/LN_776539_BP_3.jpg,https://www.waitrose.com/ecom/products/plenish-coconut-long-life-unsweetened-organic-milk-alternative/776539-743973-743974,Plenish Coconut Long Life Unsweetened Organic Milk Alternative,1litre,£2.35,£2.35/litre,,Dietary & Lifestyle
858706,Plants By Deliciously Ella Butternut Squash & Sage Tortelloni,G,false,1236,https://ecom-su-static-prod.wtrecom.com/images/products/3/LN_858706_BP_3.jpg,https://www.waitrose.com/ecom/products/plants-by-deliciously-ella-butternut-squash-sage-tortelloni/858706-804372-804373,Plants By Deliciously Ella Butternut Squash & Sage Tortelloni,250g,£3.50,£14/kg,,Dietary & Lifestyle
019701,Essential Plum Tomatoes in Natural Juice,G,false,1237,https://ecom-su-static-prod.wtrecom.com/images/products/3/LN_019701_BP_3.jpg,https://www.waitrose.com/ecom/products/essential-plum-tomatoes-in-natural-juice/019701-9567-9568,Essential Plum Tomatoes in Natural Juice,230g,50p,£2.18/kg,,Dietary & Lifestyle
589762,Cauldron Marinated Tofu Pieces,G,false,1238,https://ecom-su-static-prod.wtrecom.com/images/products/3/LN_589762_BP_3.jpg,https://www.waitrose.com/ecom/products/cauldron-marinated-tofu-pieces/589762-83588-83589,Cauldron Marinated Tofu Pieces,160g,£3.00,£18.75/kg,,Dietary & Lifestyle
725437,No.1 Malt Sourdough Bread with Seeds,G,false,1239,https://ecom-su-static-prod.wtrecom.com/images/products/3/LN_725437_BP_3.jpg,https://www.waitrose.com/ecom/products/no1-malt-sourdough-bread-with-seeds/725437-103057-103058,No.1 Malt Sourdough Bread with Seeds,500g,£2.20,44p/100g,,Dietary & Lifestyle
734889,Magnum Vegan Almond Ice Cream Stick,G,true,1240,https://ecom-su-static-prod.wtrecom.com/images/products/3/LN_734889_BP_3.jpg,https://www.waitrose.com/ecom/products/magnum-vegan-almond-ice-cream-stick/734889-683188-683189,Magnum Vegan Almond Ice Cream Stick,3x90ml,£4.20,£1.56/100ml,Add 2 for £6,Dietary & Lifestyle
586408,Waitrose 2 Frozen Breaded Plaice Fillets,G,false,1241,https://ecom-su-static-prod.wtrecom.com/images/products/3/LN_586408_BP_3.jpg,https://www.waitrose.com/ecom/products/waitrose-2-frozen-breaded-plaice-fillets/586408-239419-239420,Waitrose 2 Frozen Breaded Plaice Fillets,280g,£4.30,£15.36/kg,,Dietary & Lifestyle
085046,Waitrose Ruby Gem Potatoes,G,true,1242,https://ecom-su-static-prod.wtrecom.com/images/products/3/LN_085046_BP_3.jpg,https://www.waitrose.com/ecom/products/waitrose-ruby-gem-potatoes/085046-43157-43158,Waitrose Ruby Gem Potatoes,500g,£1.52,£3.04/kg,20% Off. Was £1.90,Dietary & Lifestyle
016652,Waitrose Colombian Ground Coffee Decaf,G,false,1243,https://ecom-su-static-prod.wtrecom.com/images/products/3/LN_016652_BP_3.jpg,https://www.waitrose.com/ecom/products/waitrose-colombian-ground-coffee-decaf/016652-8003-8004,Waitrose Colombian Ground Coffee Decaf,227g,£3.75,£1.66/100g,,Dietary & Lifestyle
826976,Duchy Organic Chicken Wings,G,false,1244,https://ecom-su-static-prod.wtrecom.com/images/products/3/LN_826976_BP_3.jpg,https://www.waitrose.com/ecom/products/duchy-organic-chicken-wings/826976-389163-389164,Duchy Organic Chicken Wings,400g,£3.80,£9.50/kg,,Dietary & Lifestyle
879309,Waitrose Fresh Lasagne,G,false,1245,https://ecom-su-static-prod.wtrecom.com/images/products/3/LN_879309_BP_3.jpg,https://www.waitrose.com/ecom/products/waitrose-fresh-lasagne/879309-793290-793291,Waitrose Fresh Lasagne,300g,£2.30,£7.67/kg,,Dietary & Lifestyle
867430,Biotiful Gut Health Rubie Raspberry Kefir Yogurt,G,false,1246,https://ecom-su-static-prod.wtrecom.com/images/products/3/LN_867430_BP_3.jpg,https://www.waitrose.com/ecom/products/biotiful-gut-health-rubie-raspberry-kefir-yogurt/867430-811055-811056,Biotiful Gut Health Rubie Raspberry Kefir Yogurt,350g,£2.00,57.1p/100g,,Dietary & Lifestyle
001182,Tilda Lime & Coriander Basmati Rice,G,true,1247,https://ecom-su-static-prod.wtrecom.com/images/products/3/LN_001182_BP_3.jpg,https://www.waitrose.com/ecom/products/tilda-lime-coriander-basmati-rice/001182-125-126,Tilda Lime & Coriander Basmati Rice,250g,£1.00,£4/kg,save 85p. Was £1.85,Dietary & Lifestyle
688033,Waitrose Free From Gluten Free Porridge Oats,G,false,1248,https://ecom-su-static-prod.wtrecom.com/images/products/3/LN_688033_BP_3.jpg,https://www.waitrose.com/ecom/products/waitrose-free-from-gluten-free-porridge-oats/688033-791165-791166,Waitrose Free From Gluten Free Porridge Oats,400g,£1.90,47.5p/100g,,Dietary & Lifestyle
493856,Waitrose Wholewheat Couscous,G,false,1249,https://ecom-su-static-prod.wtrecom.com/images/products/3/LN_493856_BP_3.jpg,https://www.waitrose.com/ecom/products/waitrose-wholewheat-couscous/493856-135423-135424,Waitrose Wholewheat Couscous,500g,£1.50,£3/kg,,Dietary & Lifestyle
614804,Pip & Nut Crunchy Peanut Butter,G,false,1250,https://ecom-su-static-prod.wtrecom.com/images/products/3/LN_614804_BP_3.jpg,https://www.waitrose.com/ecom/products/pip-nut-crunchy-peanut-butter/614804-785730-785731,Pip & Nut Crunchy Peanut Butter,300g,£3.25,£1.09/100g,,Dietary & Lifestyle
686826,Waitrose 2 Bramley Apple Crumbles,G,false,1251,https://ecom-su-static-prod.wtrecom.com/images/products/3/LN_686826_BP_3.jpg,https://www.waitrose.com/ecom/products/waitrose-2-bramley-apple-crumbles/686826-527497-527498,Waitrose 2 Bramley Apple Crumbles,250g,£2.50,£1/100g,,Dietary & Lifestyle
641627,Easy to Cook Asparagus & Prosciutto Chicken Breasts,G,false,1252,https://ecom-su-static-prod.wtrecom.com/images/products/3/LN_641627_BP_3.jpg,https://www.waitrose.com/ecom/products/easy-to-cook-asparagus-prosciutto-chicken-breasts/641627-91113-91114,Easy to Cook Asparagus & Prosciutto Chicken Breasts,346g,£6.50,£18.79/kg,,Dietary & Lifestyle
064324,Alpro Soya Long Life Dairy Free Alternative to Cream,G,false,1253,https://ecom-su-static-prod.wtrecom.com/images/products/3/LN_064324_BP_3.jpg,https://www.waitrose.com/ecom/products/alpro-soya-long-life-dairy-free-alternative-to-cream/064324-32655-32656,Alpro Soya Long Life Dairy Free Alternative to Cream,250ml,£1.30,52p/100ml,,Dietary & Lifestyle
792748,Cooks' Ingredients Dark Chocolate Chips,G,false,1254,https://ecom-su-static-prod.wtrecom.com/images/products/3/LN_792748_BP_3.jpg,https://www.waitrose.com/ecom/products/cooks-ingredients-dark-chocolate-chips/792748-672945-672946,Cooks' Ingredients Dark Chocolate Chips,100g,£1.50,£15/kg,,Dietary & Lifestyle
502423,Heinz Cream of Tomato Cup Soup,G,true,1255,https://ecom-su-static-prod.wtrecom.com/images/products/3/LN_502423_BP_3.jpg,https://www.waitrose.com/ecom/products/heinz-cream-of-tomato-cup-soup/502423-361687-361688,Heinz Cream of Tomato Cup Soup,4x22g,£1.50,£1.71/100g,Add 3 for £4,Dietary & Lifestyle
042698,Waitrose Ready Popped Petits Pois,G,false,1256,https://ecom-su-static-prod.wtrecom.com/images/products/3/LN_042698_BP_3.jpg,https://www.waitrose.com/ecom/products/waitrose-ready-popped-petits-pois/042698-21120-21121,Waitrose Ready Popped Petits Pois,180g,£2.00,£1.12/100g,,Dietary & Lifestyle
853586,Waitrose Classic Dip Selection,G,false,1257,https://ecom-su-static-prod.wtrecom.com/images/products/3/LN_853586_BP_3.jpg,https://www.waitrose.com/ecom/products/waitrose-classic-dip-selection/853586-824613-824613,Waitrose Classic Dip Selection,500g,£3.00,60p/100g,,Dietary & Lifestyle
088809,Waitrose Medjool Dates,G,false,1258,https://ecom-su-static-prod.wtrecom.com/images/products/3/LN_088809_BP_3.jpg,https://www.waitrose.com/ecom/products/waitrose-medjool-dates/088809-45641-45642,Waitrose Medjool Dates,180g,£2.60,£14.45/kg,,Dietary & Lifestyle
863906,Magnum Minis Vegan Vanilla and Almond Ice Cream Sticks,G,false,1259,https://ecom-su-static-prod.wtrecom.com/images/products/3/LN_863906_BP_3.jpg,https://www.waitrose.com/ecom/products/magnum-minis-vegan-vanilla-and-almond-ice-cream-sticks/863906-777229-777229,Magnum Minis Vegan Vanilla and Almond Ice Cream Sticks,6x55ml,£4.75,£1.44/100ml,,Dietary & Lifestyle
586961,Crosta & Mollica Focaccia Panini,G,false,1260,https://ecom-su-static-prod.wtrecom.com/images/products/3/LN_586961_BP_3.jpg,https://www.waitrose.com/ecom/products/crosta-mollica-focaccia-panini/586961-769623-769624,Crosta & Mollica Focaccia Panini,2x80g,£2.00,£1.25/100g,,Dietary & Lifestyle
473029,Lucky Saint Alcohol Free Lager,G,false,1261,https://ecom-su-static-prod.wtrecom.com/images/products/3/LN_473029_BP_3.jpg,https://www.waitrose.com/ecom/products/lucky-saint-alcohol-free-lager/473029-793385-793386,Lucky Saint Alcohol Free Lager,4x330ml,£6.00,£4.55/litre,,Dietary & Lifestyle
535372,Waitrose Moroccan Spiced Fruity Couscous,G,false,1262,https://ecom-su-static-prod.wtrecom.com/images/products/3/LN_535372_BP_3.jpg,https://www.waitrose.com/ecom/products/waitrose-moroccan-spiced-fruity-couscous/535372-75695-75696,Waitrose Moroccan Spiced Fruity Couscous,410g,£3.35,81.7p/100g,,Dietary & Lifestyle
024454,Waitrose Creamy Carrot & Coriander Soup,G,false,1263,https://ecom-su-static-prod.wtrecom.com/images/products/3/LN_024454_BP_3.jpg,https://www.waitrose.com/ecom/products/waitrose-creamy-carrot-coriander-soup/024454-11850-11851,Waitrose Creamy Carrot & Coriander Soup,600g,£2.85,47.5p/100g,,Dietary & Lifestyle
873655,Waitrose Mixed Nuts,G,false,1264,https://ecom-su-static-prod.wtrecom.com/images/products/3/LN_873655_BP_3.jpg,https://www.waitrose.com/ecom/products/waitrose-mixed-nuts/873655-487474-487475,Waitrose Mixed Nuts,750g,£10.00,£1.34/100g,,Dietary & Lifestyle
540939,Schär Gluten Free Pizza Margherita,G,true,1265,https://ecom-su-static-prod.wtrecom.com/images/products/3/LN_540939_BP_3.jpg,https://www.waitrose.com/ecom/products/schar-gluten-free-pizza-margherita/540939-336879-336880,Schär Gluten Free Pizza Margherita,300g,£3.65,£12.17/kg,Add 2 for £5.50,Dietary & Lifestyle
367696,Cooks' Ingredients Thai Basil,G,false,1266,https://ecom-su-static-prod.wtrecom.com/images/products/3/LN_367696_BP_3.jpg,https://www.waitrose.com/ecom/products/cooks-ingredients-thai-basil/367696-197812-197813,Cooks' Ingredients Thai Basil,20g,80p,40p/10g,,Dietary & Lifestyle
043540,Weetabix Organic,G,false,1267,https://ecom-su-static-prod.wtrecom.com/images/products/3/LN_043540_BP_3.jpg,https://www.waitrose.com/ecom/products/weetabix-organic/043540-21474-21475,Weetabix Organic,24s,£4.30,17.9p each,,Dietary & Lifestyle
065442,Waitrose Baby Pak Choi,G,false,1268,https://ecom-su-static-prod.wtrecom.com/images/products/3/LN_065442_BP_3.jpg,https://www.waitrose.com/ecom/products/waitrose-baby-pak-choi/065442-33177-33178,Waitrose Baby Pak Choi,90g,£2.00,£22.23/kg,,Dietary & Lifestyle
619900,Corona Cero Alcohol Free Beer,G,false,1269,https://ecom-su-static-prod.wtrecom.com/images/products/3/LN_619900_BP_3.jpg,https://www.waitrose.com/ecom/products/corona-cero-alcohol-free-beer/619900-783942-783943,Corona Cero Alcohol Free Beer,4x330ml,£4.75,£3.60/litre,,Dietary & Lifestyle
461313,Jordans Super Berry Granola Breakfast Cereal,G,true,1270,https://ecom-su-static-prod.wtrecom.com/images/products/3/LN_461313_BP_3.jpg,https://www.waitrose.com/ecom/products/jordans-super-berry-granola-breakfast-cereal/461313-806372-806373,Jordans Super Berry Granola Breakfast Cereal,500g,£2.65,53p/100g,save £1.35. Was £4.00,Dietary & Lifestyle
447391,Waitrose Sweet Kingdom Orange Mini Carrots,G,false,1271,https://ecom-su-static-prod.wtrecom.com/images/products/3/LN_447391_BP_3.jpg,https://www.waitrose.com/ecom/products/waitrose-sweet-kingdom-orange-mini-carrots/447391-712475-712476,Waitrose Sweet Kingdom Orange Mini Carrots,340g,£1.60,47.1p/100g,,Dietary & Lifestyle
688707,Little Jude's Fruit & Veg Rockets,G,false,1272,https://ecom-su-static-prod.wtrecom.com/images/products/3/LN_688707_BP_3.jpg,https://www.waitrose.com/ecom/products/little-judes-fruit-veg-rockets/688707-777169-777170,Little Jude's Fruit & Veg Rockets,6x55ml,£3.75,£1.14/100ml,,Dietary & Lifestyle
401056,Charlie Bigham's Moussaka for 2,G,false,1273,https://ecom-su-static-prod.wtrecom.com/images/products/3/LN_401056_BP_3.jpg,https://www.waitrose.com/ecom/products/charlie-bighams-moussaka-for-2/401056-56412-56413,Charlie Bigham's Moussaka for 2,655g,£9.95,£15.20/kg,,Dietary & Lifestyle
785941,Quorn Vegan Smoky Ham Free Slices,G,false,1274,https://ecom-su-static-prod.wtrecom.com/images/products/3/LN_785941_BP_3.jpg,https://www.waitrose.com/ecom/products/quorn-vegan-smoky-ham-free-slices/785941-665129-665130,Quorn Vegan Smoky Ham Free Slices,100g,£2.75,£2.75/100g,,Dietary & Lifestyle
043630,Gü Spanish Lemon Cheesecakes,G,false,1275,https://ecom-su-static-prod.wtrecom.com/images/products/3/LN_043630_BP_3.jpg,https://www.waitrose.com/ecom/products/gu-spanish-lemon-cheesecakes/043630-21522-21523,Gü Spanish Lemon Cheesecakes,2x90g,£3.95,£2.20/100g,,Dietary & Lifestyle
880146,Waitrose LoveLife Keralan Chicken Biryani for 1,G,false,1276,https://ecom-su-static-prod.wtrecom.com/images/products/3/LN_880146_BP_3.jpg,https://www.waitrose.com/ecom/products/waitrose-lovelife-keralan-chicken-biryani-for-1/880146-470025-470026,Waitrose LoveLife Keralan Chicken Biryani for 1,350g,£3.75,£10.72/kg,,Dietary & Lifestyle
016604,Waitrose Colombian Ground Coffee,G,false,1277,https://ecom-su-static-prod.wtrecom.com/images/products/3/LN_016604_BP_3.jpg,https://www.waitrose.com/ecom/products/waitrose-colombian-ground-coffee/016604-7965-7966,Waitrose Colombian Ground Coffee,227g,£3.75,£1.66/100g,,Dietary & Lifestyle
028855,Heinz Classic Organic Cream of Tomato Soup,G,true,1278,https://ecom-su-static-prod.wtrecom.com/images/products/3/LN_028855_BP_3.jpg,https://www.waitrose.com/ecom/products/heinz-classic-organic-cream-of-tomato-soup/028855-14059-14060,Heinz Classic Organic Cream of Tomato Soup,400g,£1.80,45p/100g,Add 3 for £4.50,Dietary & Lifestyle
817370,"Waitrose Wheatberries, Lentils & Green Veg",G,false,1279,https://ecom-su-static-prod.wtrecom.com/images/products/3/LN_817370_BP_3.jpg,https://www.waitrose.com/ecom/products/waitrose-wheatberries-lentils-green-veg/817370-498182-498183,"Waitrose Wheatberries, Lentils & Green Veg",300g,£2.50,83.3p/100g,,Dietary & Lifestyle
562656,BEAR Yo Yos Raspberry,G,true,1280,https://ecom-su-static-prod.wtrecom.com/images/products/3/LN_562656_BP_3.jpg,https://www.waitrose.com/ecom/products/bear-yo-yos-raspberry/562656-79662-79663,BEAR Yo Yos Raspberry,5s,£2.00,40p each,save 85p. Was £2.85,Dietary & Lifestyle
405066,Bio-tiful Dairy Morello Cherry Kefir Drink,G,false,1281,https://ecom-su-static-prod.wtrecom.com/images/products/3/LN_405066_BP_3.jpg,https://www.waitrose.com/ecom/products/bio-tiful-dairy-morello-cherry-kefir-drink/405066-721004-721005,Bio-tiful Dairy Morello Cherry Kefir Drink,500ml,£2.75,55p/100ml,,Dietary & Lifestyle
815678,Popchips Sea Salt,G,true,1282,https://ecom-su-static-prod.wtrecom.com/images/products/3/LN_815678_BP_3.jpg,https://www.waitrose.com/ecom/products/popchips-sea-salt/815678-168724-168725,Popchips Sea Salt,85g,£1.50,£1.77/100g,save 75p. Was £2.25,Dietary & Lifestyle
881709,Jordans Simply Granola with a Hint of Honey,G,false,1283,https://ecom-su-static-prod.wtrecom.com/images/products/3/LN_881709_BP_3.jpg,https://www.waitrose.com/ecom/products/jordans-simply-granola-with-a-hint-of-honey/881709-372083-372084,Jordans Simply Granola with a Hint of Honey,750g,£3.80,50.7p/100g,,Dietary & Lifestyle
020124,Essential Peach Slices in Grape Juice,G,false,1284,https://ecom-su-static-prod.wtrecom.com/images/products/3/LN_020124_BP_3.jpg,https://www.waitrose.com/ecom/products/essential-peach-slices-in-grape-juice/020124-9793-9794,Essential Peach Slices in Grape Juice,drained 125g,95p,£7.60/kg,,Dietary & Lifestyle
006813,Waitrose Pecans,G,false,1285,https://ecom-su-static-prod.wtrecom.com/images/products/3/LN_006813_BP_3.jpg,https://www.waitrose.com/ecom/products/waitrose-pecans/006813-3059-3060,Waitrose Pecans,100g,£2.00,£2/100g,,Dietary & Lifestyle
026653,Levantine Table Bulgur Wheat,G,false,1286,https://ecom-su-static-prod.wtrecom.com/images/products/3/LN_026653_BP_3.jpg,https://www.waitrose.com/ecom/products/levantine-table-bulgur-wheat/026653-12975-12976,Levantine Table Bulgur Wheat,500g,£1.95,£3.90/kg,,Dietary & Lifestyle
053918,Waitrose Perfectly Ripe Diamond Blush Nectarines,G,false,1287,https://ecom-su-static-prod.wtrecom.com/images/products/3/LN_053918_BP_3.jpg,https://www.waitrose.com/ecom/products/waitrose-perfectly-ripe-diamond-blush-nectarines/053918-27026-27027,Waitrose Perfectly Ripe Diamond Blush Nectarines,4s,£3.99,99.8p each,,Dietary & Lifestyle
636294,Shredded Wheat,G,false,1288,https://ecom-su-static-prod.wtrecom.com/images/products/3/LN_636294_BP_3.jpg,https://www.waitrose.com/ecom/products/shredded-wheat/636294-90352-90353,Shredded Wheat,30s,£3.95,13.2p each,,Dietary & Lifestyle
053699,Tuna Niçoise Salad,G,false,1289,https://ecom-su-static-prod.wtrecom.com/images/products/3/LN_053699_BP_3.jpg,https://www.waitrose.com/ecom/products/tuna-nicoise-salad/053699-26917-26918,Tuna Niçoise Salad,310g,£4.15,£1.34/100g,,Dietary & Lifestyle
716598,Essential Frozen Cooked King Prawns,G,false,1290,https://ecom-su-static-prod.wtrecom.com/images/products/3/LN_716598_BP_3.jpg,https://www.waitrose.com/ecom/products/essential-frozen-cooked-king-prawns/716598-236290-236291,Essential Frozen Cooked King Prawns,250g,£5.00,£20/kg,,Dietary & Lifestyle
639371,Easy To Cook Honey & Mustard Deboned Chicken,G,false,1291,https://ecom-su-static-prod.wtrecom.com/images/products/3/LN_639371_BP_3.jpg,https://www.waitrose.com/ecom/products/easy-to-cook-honey-mustard-deboned-chicken/639371-151587-151588,Easy To Cook Honey & Mustard Deboned Chicken,675g,£9.95,£14.75/kg,,Dietary & Lifestyle
568900,LoveLife Frozen Strawberry & Banana Smoothie Mix,G,false,1292,https://ecom-su-static-prod.wtrecom.com/images/products/3/LN_568900_BP_3.jpg,https://www.waitrose.com/ecom/products/lovelife-frozen-strawberry-banana-smoothie-mix/568900-138033-138034,LoveLife Frozen Strawberry & Banana Smoothie Mix,480g,£2.65,55.2p/100g,,Dietary & Lifestyle
773966,Essential Sultana Bran,G,false,1293,https://ecom-su-static-prod.wtrecom.com/images/products/3/LN_773966_BP_3.jpg,https://www.waitrose.com/ecom/products/essential-sultana-bran/773966-110055-110056,Essential Sultana Bran,750g,£2.25,30p/100g,,Dietary & Lifestyle
011474,Kallo Organic Dark Chocolate Rice Cake Thins,G,false,1294,https://ecom-su-static-prod.wtrecom.com/images/products/3/LN_011474_BP_3.jpg,https://www.waitrose.com/ecom/products/kallo-organic-dark-chocolate-rice-cake-thins/011474-5686-5687,Kallo Organic Dark Chocolate Rice Cake Thins,90g,£2.55,£2.84/100g,,Dietary & Lifestyle
613640,Essential Pears,G,false,1295,https://ecom-su-static-prod.wtrecom.com/images/products/3/LN_613640_BP_3.jpg,https://www.waitrose.com/ecom/products/essential-pears/613640-255413-255414,Essential Pears,6s,£1.80,30p each,,Dietary & Lifestyle
718674,Essential Oat Milk Chilled Unsweetened Dairy Free Milk Alternative,G,false,1296,https://ecom-su-static-prod.wtrecom.com/images/products/3/LN_718674_BP_3.jpg,https://www.waitrose.com/ecom/products/essential-oat-milk-chilled-unsweetened-dairy-free-milk-alternative/718674-735872-735873,Essential Oat Milk Chilled Unsweetened Dairy Free Milk Alternative,1litre,£1.50,£1.50/litre,,Dietary & Lifestyle
858265,Unearthed Spanish Potato Omelette,G,true,1297,https://ecom-su-static-prod.wtrecom.com/images/products/3/LN_858265_BP_3.jpg,https://www.waitrose.com/ecom/products/unearthed-spanish-potato-omelette/858265-350169-350170,Unearthed Spanish Potato Omelette,500g,£3.15,63p/100g,25% Off. Was £4.20,Dietary & Lifestyle
559427,Charlie Bigham's Thai Red Chicken Curry & Fragrant Rice for 1,G,true,1298,https://ecom-su-static-prod.wtrecom.com/images/products/3/LN_559427_BP_3.jpg,https://www.waitrose.com/ecom/products/charlie-bighams-thai-red-chicken-curry-fragrant-rice-for-1/559427-690196-690197,Charlie Bigham's Thai Red Chicken Curry & Fragrant Rice for 1,418g,£6.00,£14.36/kg,Add 2 for £11,Dietary & Lifestyle
550685,"Waitrose Sun-Drenched Tomatoes, Mozzarella & Pesto",G,true,1299,https://ecom-su-static-prod.wtrecom.com/images/products/3/LN_550685_BP_3.jpg,https://www.waitrose.com/ecom/products/waitrose-sun-drenched-tomatoes-mozzarella-pesto/550685-202353-202354,"Waitrose Sun-Drenched Tomatoes, Mozzarella & Pesto",200g,£4.00,£2/100g,Add 2 for £5.50,Dietary & Lifestyle
821375,Arla Protein Lactose Free Chocolate Milkshake,G,false,1300,https://ecom-su-static-prod.wtrecom.com/images/products/3/LN_821375_BP_3.jpg,https://www.waitrose.com/ecom/products/arla-protein-lactose-free-chocolate-milkshake/821375-438218-438219,Arla Protein Lactose Free Chocolate Milkshake,479ml,£2.00,41.8p/100ml,,Dietary & Lifestyle
610856,Waitrose Soft Dates,G,false,1301,https://ecom-su-static-prod.wtrecom.com/images/products/3/LN_610856_BP_3.jpg,https://www.waitrose.com/ecom/products/waitrose-soft-dates/610856-492035-492036,Waitrose Soft Dates,270g,£2.50,92.6p/100g,,Dietary & Lifestyle
595021,Waitrose Spiced Apple Hot Cross Buns,G,false,1302,https://ecom-su-static-prod.wtrecom.com/images/products/3/LN_595021_BP_3.jpg,https://www.waitrose.com/ecom/products/waitrose-spiced-apple-hot-cross-buns/595021-794946-794947,Waitrose Spiced Apple Hot Cross Buns,4s,£1.95,48.8p each,,Dietary & Lifestyle
013202,Essential Reduced Fat Houmous,G,false,1303,https://ecom-su-static-prod.wtrecom.com/images/products/3/LN_013202_BP_3.jpg,https://www.waitrose.com/ecom/products/essential-reduced-fat-houmous/013202-6419-6420,Essential Reduced Fat Houmous,3x60g,£1.65,91.7p/100g,,Dietary & Lifestyle
804791,Waitrose Multi-Seeded Farmhouse,G,false,1304,https://ecom-su-static-prod.wtrecom.com/images/products/3/LN_804791_BP_3.jpg,https://www.waitrose.com/ecom/products/waitrose-multi-seeded-farmhouse/804791-653673-653674,Waitrose Multi-Seeded Farmhouse,400g,£1.15,28.8p/100g,,Dietary & Lifestyle
745363,Waitrose Plant Living Organic Firm Tofu,G,false,1305,https://ecom-su-static-prod.wtrecom.com/images/products/3/LN_745363_BP_3.jpg,https://www.waitrose.com/ecom/products/waitrose-plant-living-organic-firm-tofu/745363-825205-825206,Waitrose Plant Living Organic Firm Tofu,300g,£1.95,65p/100g,,Dietary & Lifestyle
074908,Waitrose Colombian Coffee Beans,G,false,1306,https://ecom-su-static-prod.wtrecom.com/images/products/3/LN_074908_BP_3.jpg,https://www.waitrose.com/ecom/products/waitrose-colombian-coffee-beans/074908-37996-37997,Waitrose Colombian Coffee Beans,454g,£7.25,£1.60/100g,,Dietary & Lifestyle
856090,Yeo Valley Organic Natural Kefir Drink,G,true,1307,https://ecom-su-static-prod.wtrecom.com/images/products/3/LN_856090_BP_3.jpg,https://www.waitrose.com/ecom/products/yeo-valley-organic-natural-kefir-drink/856090-785844-785845,Yeo Valley Organic Natural Kefir Drink,500ml,£1.75,35p/100ml,save 75p. Was £2.50,Dietary & Lifestyle
085405,Trimmed Mange Tout Peas,G,false,1308,https://ecom-su-static-prod.wtrecom.com/images/products/3/LN_085405_BP_3.jpg,https://www.waitrose.com/ecom/products/trimmed-mange-tout-peas/085405-43442-43443,Trimmed Mange Tout Peas,200g,£1.50,£7.50/kg,,Dietary & Lifestyle
055220,Volvic Touch of Lemon & Lime Sugar Free Flavoured Water,G,false,1309,https://ecom-su-static-prod.wtrecom.com/images/products/3/LN_055220_BP_3.jpg,https://www.waitrose.com/ecom/products/volvic-touch-of-lemon-lime-sugar-free-flavoured-water/055220-27729-27730,Volvic Touch of Lemon & Lime Sugar Free Flavoured Water,1.5litre,£1.45,9.7p/100ml,,Dietary & Lifestyle
763035,Charlie Bigham's Macaroni Cheese for 2,G,false,1310,https://ecom-su-static-prod.wtrecom.com/images/products/3/LN_763035_BP_3.jpg,https://www.waitrose.com/ecom/products/charlie-bighams-macaroni-cheese-for-2/763035-108498-108499,Charlie Bigham's Macaroni Cheese for 2,670g,£9.50,£14.18/kg,,Dietary & Lifestyle
416011,Oykos Peach Luxury Greek Style Yogurts,G,false,1311,https://ecom-su-static-prod.wtrecom.com/images/products/3/LN_416011_BP_3.jpg,https://www.waitrose.com/ecom/products/oykos-peach-luxury-greek-style-yogurts/416011-755765-755766,Oykos Peach Luxury Greek Style Yogurts,4x110g,£2.20,50p/100g,,Dietary & Lifestyle
711842,New Covent Garden Carrot & Butternut Soup,G,false,1312,https://ecom-su-static-prod.wtrecom.com/images/products/3/LN_711842_BP_3.jpg,https://www.waitrose.com/ecom/products/new-covent-garden-carrot-butternut-soup/711842-299405-299406,New Covent Garden Carrot & Butternut Soup,560g,£2.35,42p/100g,,Dietary & Lifestyle
620027,Alpro Dark Chocolate Dairy Free Vegan Soya Dessert,G,false,1313,https://ecom-su-static-prod.wtrecom.com/images/products/3/LN_620027_BP_3.jpg,https://www.waitrose.com/ecom/products/alpro-dark-chocolate-dairy-free-vegan-soya-dessert/620027-295413-295414,Alpro Dark Chocolate Dairy Free Vegan Soya Dessert,4x125g,£2.10,42p/100g,,Dietary & Lifestyle
437835,Free Damm 0.0% Alcohol Free Beer,G,true,1314,https://ecom-su-static-prod.wtrecom.com/images/products/3/LN_437835_BP_3.jpg,https://www.waitrose.com/ecom/products/free-damm-00-alcohol-free-beer/437835-692546-692547,Free Damm 0.0% Alcohol Free Beer,4x330ml,£3.50,£2.66/litre,save 70p. Was £4.20,Dietary & Lifestyle
001138,Jordans Country Crisp Strawberry Cereal,G,true,1315,https://ecom-su-static-prod.wtrecom.com/images/products/3/LN_001138_BP_3.jpg,https://www.waitrose.com/ecom/products/jordans-country-crisp-strawberry-cereal/001138-93-94,Jordans Country Crisp Strawberry Cereal,500g,£2.50,50p/100g,save £1.30. Was £3.80,Dietary & Lifestyle
809456,Jordans Super Nutty Granola Breakfast Cereal,G,true,1316,https://ecom-su-static-prod.wtrecom.com/images/products/3/LN_809456_BP_3.jpg,https://www.waitrose.com/ecom/products/jordans-super-nutty-granola-breakfast-cereal/809456-806398-806399,Jordans Super Nutty Granola Breakfast Cereal,500g,£2.65,53p/100g,save £1.35. Was £4.00,Dietary & Lifestyle
461151,Crosta & Mollica Torinesi Breadsticks,G,false,1317,https://ecom-su-static-prod.wtrecom.com/images/products/3/LN_461151_BP_3.jpg,https://www.waitrose.com/ecom/products/crosta-mollica-torinesi-breadsticks/461151-491925-491926,Crosta & Mollica Torinesi Breadsticks,120g,£1.65,£1.38/100g,,Dietary & Lifestyle
440047,Graze Chilli & Lime Protein Nut Crunch,G,false,1318,https://ecom-su-static-prod.wtrecom.com/images/products/3/LN_440047_BP_3.jpg,https://www.waitrose.com/ecom/products/graze-chilli-lime-protein-nut-crunch/440047-585439-585440,Graze Chilli & Lime Protein Nut Crunch,100g,£2.65,£2.65/100g,,Dietary & Lifestyle
014373,Volvic Touch of Strawberry Sugar Free Flavoured Water,G,false,1319,https://ecom-su-static-prod.wtrecom.com/images/products/3/LN_014373_BP_3.jpg,https://www.waitrose.com/ecom/products/volvic-touch-of-strawberry-sugar-free-flavoured-water/014373-6906-6907,Volvic Touch of Strawberry Sugar Free Flavoured Water,1.5litre,£1.45,9.7p/100ml,,Dietary & Lifestyle
809648,Borough Broth Organic Grass Fed Beef Bone Broth,G,false,1320,https://ecom-su-static-prod.wtrecom.com/images/products/3/LN_809648_BP_3.jpg,https://www.waitrose.com/ecom/products/borough-broth-organic-grass-fed-beef-bone-broth/809648-812671-812672,Borough Broth Organic Grass Fed Beef Bone Broth,324g,£5.00,,,Dietary & Lifestyle
483368,Waitrose Giant Wholewheat Couscous,G,false,1321,https://ecom-su-static-prod.wtrecom.com/images/products/3/LN_483368_BP_3.jpg,https://www.waitrose.com/ecom/products/waitrose-giant-wholewheat-couscous/483368-135407-135408,Waitrose Giant Wholewheat Couscous,300g,£1.75,£5.84/kg,,Dietary & Lifestyle
055339,Waitrose Frozen British Raspberries,G,false,1322,https://ecom-su-static-prod.wtrecom.com/images/products/3/LN_055339_BP_3.jpg,https://www.waitrose.com/ecom/products/waitrose-frozen-british-raspberries/055339-27779-27780,Waitrose Frozen British Raspberries,300g,£3.40,£1.14/100g,,Dietary & Lifestyle
827732,Waitrose Rainbow Side Salad,G,false,1323,https://ecom-su-static-prod.wtrecom.com/images/products/3/LN_827732_BP_3.jpg,https://www.waitrose.com/ecom/products/waitrose-rainbow-side-salad/827732-581558-581559,Waitrose Rainbow Side Salad,116g,£2.50,£21.56/kg,,Dietary & Lifestyle
086111,Cooks' Ingredients Sage,G,false,1324,https://ecom-su-static-prod.wtrecom.com/images/products/3/LN_086111_BP_3.jpg,https://www.waitrose.com/ecom/products/cooks-ingredients-sage/086111-43939-43940,Cooks' Ingredients Sage,20g,80p,40p/10g,,Dietary & Lifestyle
802608,Belazu Rose Harissa Paste,G,false,1325,https://ecom-su-static-prod.wtrecom.com/images/products/3/LN_802608_BP_3.jpg,https://www.waitrose.com/ecom/products/belazu-rose-harissa-paste/802608-408882-408883,Belazu Rose Harissa Paste,170g,£4.50,£2.65/100g,,Dietary & Lifestyle
372972,Linda McCartney's 2 Frozen Vegetarian Mozzarella 1/4lb Burgers,G,true,1326,https://ecom-su-static-prod.wtrecom.com/images/products/3/LN_372972_BP_3.jpg,https://www.waitrose.com/ecom/products/linda-mccartneys-2-frozen-vegetarian-mozzarella-1-4lb-burgers/372972-271324-271325,Linda McCartney's 2 Frozen Vegetarian Mozzarella 1/4lb Burgers,227g,£1.95,£8.60/kg,25% Off. Was £2.65,Dietary & Lifestyle
509848,Duchy Organic Chicken Breast Fillets 4,G,false,1327,https://ecom-su-static-prod.wtrecom.com/images/products/3/LN_509848_BP_3.jpg,https://www.waitrose.com/ecom/products/duchy-organic-chicken-breast-fillets-4/509848-661613-661614,Duchy Organic Chicken Breast Fillets 4,Typical weight 0.59kg,£16.61 each est.,£28.01/kg,,Dietary & Lifestyle
659688,"Waitrose 2 Sea Bass Fillets, Pesto Butter",G,true,1328,https://ecom-su-static-prod.wtrecom.com/images/products/3/LN_659688_BP_3.jpg,https://www.waitrose.com/ecom/products/waitrose-2-sea-bass-fillets-pesto-butter/659688-362377-362378,"Waitrose 2 Sea Bass Fillets, Pesto Butter",210g,£4.68,£22.29/kg,25% Off. Was £6.25,Dietary & Lifestyle
815704,Waitrose Free From Gluten Brown Rice Penne,G,false,1329,https://ecom-su-static-prod.wtrecom.com/images/products/3/LN_815704_BP_3.jpg,https://www.waitrose.com/ecom/products/waitrose-free-from-gluten-brown-rice-penne/815704-450708-450709,Waitrose Free From Gluten Brown Rice Penne,500g,£1.75,£3.50/kg,,Dietary & Lifestyle
448796,Waitrose Frozen Vegetable Lasagne For 2,G,false,1330,https://ecom-su-static-prod.wtrecom.com/images/products/3/LN_448796_BP_3.jpg,https://www.waitrose.com/ecom/products/waitrose-frozen-vegetable-lasagne-for-2/448796-761798-761799,Waitrose Frozen Vegetable Lasagne For 2,700g,£4.65,£6.65/kg,,Dietary & Lifestyle
819380,Cooks' Ingredients Milk Chocolate Chips,G,false,1331,https://ecom-su-static-prod.wtrecom.com/images/products/3/LN_819380_BP_3.jpg,https://www.waitrose.com/ecom/products/cooks-ingredients-milk-chocolate-chips/819380-673013-673014,Cooks' Ingredients Milk Chocolate Chips,100g,£1.50,£1.50/100g,,Dietary & Lifestyle
058408,No1 Organic Fairtrade Peru Decaf Ground Coffee,G,false,1332,https://ecom-su-static-prod.wtrecom.com/images/products/3/LN_058408_BP_3.jpg,https://www.waitrose.com/ecom/products/no1-organic-fairtrade-peru-decaf-ground-coffee/058408-29373-29374,No1 Organic Fairtrade Peru Decaf Ground Coffee,227g,£4.00,£1.77/100g,,Dietary & Lifestyle
736027,Dr. Oetker Mozzarella Ristorante Pizza,G,true,1333,https://ecom-su-static-prod.wtrecom.com/images/products/3/LN_736027_BP_3.jpg,https://www.waitrose.com/ecom/products/dr-oetker-mozzarella-ristorante-pizza/736027-104630-104631,Dr. Oetker Mozzarella Ristorante Pizza,335g,£2.00,£5.98/kg,save £1.40. Was £3.40,Dietary & Lifestyle
737522,Clarence Court Liquid Egg White,G,false,1334,https://ecom-su-static-prod.wtrecom.com/images/products/3/LN_737522_BP_3.jpg,https://www.waitrose.com/ecom/products/clarence-court-liquid-egg-white/737522-741320-741321,Clarence Court Liquid Egg White,500g,£3.75,£7.50/kg,,Dietary & Lifestyle
083765,Waitrose British Pork Fillet,G,false,1335,https://ecom-su-static-prod.wtrecom.com/images/products/3/LN_083765_BP_3.jpg,https://www.waitrose.com/ecom/products/waitrose-british-pork-fillet/083765-42517-42518,Waitrose British Pork Fillet,Typical weight 0.42kg,£6.51 each est.,£15.49/kg,,Dietary & Lifestyle
587569,La Famiglia Rana Basil & Pine Nut Tortelloni,G,true,1336,https://ecom-su-static-prod.wtrecom.com/images/products/3/LN_587569_BP_3.jpg,https://www.waitrose.com/ecom/products/la-famiglia-rana-basil-pine-nut-tortelloni/587569-793242-793243,La Famiglia Rana Basil & Pine Nut Tortelloni,250g,£2.40,£9.60/kg,20% Off. Was £3.00,Dietary & Lifestyle
066276,Essential Blackeye Beans in Water,G,false,1337,https://ecom-su-static-prod.wtrecom.com/images/products/3/LN_066276_BP_3.jpg,https://www.waitrose.com/ecom/products/essential-blackeye-beans-in-water/066276-33556-33557,Essential Blackeye Beans in Water,drained 246g,60p,£2.44/kg,,Dietary & Lifestyle
619706,Waitrose Albacore Tuna In Spring Water,G,false,1338,https://ecom-su-static-prod.wtrecom.com/images/products/3/LN_619706_BP_3.jpg,https://www.waitrose.com/ecom/products/waitrose-albacore-tuna-in-spring-water/619706-87952-87953,Waitrose Albacore Tuna In Spring Water,drained 150g,£3.65,£2.44/100g,,Dietary & Lifestyle
716878,Schär Gluten Free Wholesome Seeded Loaf,G,false,1339,https://ecom-su-static-prod.wtrecom.com/images/products/3/LN_716878_BP_3.jpg,https://www.waitrose.com/ecom/products/schar-gluten-free-wholesome-seeded-loaf/716878-485817-485818,Schär Gluten Free Wholesome Seeded Loaf,300g,£3.15,£1.05/100g,,Dietary & Lifestyle
077980,Jordans Crunchy Oat Raisin & Almond Granola,G,false,1340,https://ecom-su-static-prod.wtrecom.com/images/products/3/LN_077980_BP_3.jpg,https://www.waitrose.com/ecom/products/jordans-crunchy-oat-raisin-almond-granola/077980-39668-39669,Jordans Crunchy Oat Raisin & Almond Granola,750g,£3.80,50.7p/100g,,Dietary & Lifestyle
887604,Waitrose 2 Custard Slices,G,false,1341,https://ecom-su-static-prod.wtrecom.com/images/products/3/LN_887604_BP_3.jpg,https://www.waitrose.com/ecom/products/waitrose-2-custard-slices/887604-539118-539119,Waitrose 2 Custard Slices,2s,£2.00,£1 each,,Dietary & Lifestyle
818423,Schär Gluten Free Pretzels,G,false,1342,https://ecom-su-static-prod.wtrecom.com/images/products/3/LN_818423_BP_3.jpg,https://www.waitrose.com/ecom/products/schar-gluten-free-pretzels/818423-174707-174708,Schär Gluten Free Pretzels,60g,£1.15,£1.92/100g,,Dietary & Lifestyle
082745,Cooks' Ingredients Pot Thyme,G,false,1343,https://ecom-su-static-prod.wtrecom.com/images/products/3/LN_082745_BP_3.jpg,https://www.waitrose.com/ecom/products/cooks-ingredients-pot-thyme/082745-42075-42076,Cooks' Ingredients Pot Thyme,Each,£1.70,£1.70 each,,Dietary & Lifestyle
470382,Muller Fruit Corner Strawberry & Chocolate Yogurts,G,false,1344,https://ecom-su-static-prod.wtrecom.com/images/products/3/LN_470382_BP_3.jpg,https://www.waitrose.com/ecom/products/muller-fruit-corner-strawberry-chocolate-yogurts/470382-810892-810892,Muller Fruit Corner Strawberry & Chocolate Yogurts,6x124g,£4.20,56.5p/100g,,Dietary & Lifestyle
689817,Alpro Original Chilled Dairy Free Milk Alternative,G,false,1345,https://ecom-su-static-prod.wtrecom.com/images/products/3/LN_689817_BP_3.jpg,https://www.waitrose.com/ecom/products/alpro-original-chilled-dairy-free-milk-alternative/689817-558475-558476,Alpro Original Chilled Dairy Free Milk Alternative,1litre,£2.10,£2.10/litre,,Dietary & Lifestyle
763182,Lily's Kitchen Chicken & Turkey Casserole Wet Food for Dogs,G,true,1346,https://ecom-su-static-prod.wtrecom.com/images/products/3/LN_763182_BP_3.jpg,https://www.waitrose.com/ecom/products/lilys-kitchen-chicken-turkey-casserole-wet-food-for-dogs/763182-216063-216064,Lily's Kitchen Chicken & Turkey Casserole Wet Food for Dogs,400g,£2.50,£6.25/kg,25% Off. Was £3.35,Dietary & Lifestyle
034105,Essential Sunflower Oil,G,false,1347,https://ecom-su-static-prod.wtrecom.com/images/products/3/LN_034105_BP_3.jpg,https://www.waitrose.com/ecom/products/essential-sunflower-oil/034105-17063-17064,Essential Sunflower Oil,500ml,£1.25,25p/100ml,,Dietary & Lifestyle
864249,Heinz Baked Beans No Added Sugar 4 Pack,G,true,1348,https://ecom-su-static-prod.wtrecom.com/images/products/3/LN_864249_BP_3.jpg,https://www.waitrose.com/ecom/products/heinz-baked-beans-no-added-sugar-4-pack/864249-157509-157510,Heinz Baked Beans No Added Sugar 4 Pack,4x415g,£4.00,£2.41/kg,Add 2 for £7,Dietary & Lifestyle
750273,Dorset Cereals Oat Granola Breakfast Cereal,G,false,1349,https://ecom-su-static-prod.wtrecom.com/images/products/3/LN_750273_BP_3.jpg,https://www.waitrose.com/ecom/products/dorset-cereals-oat-granola-breakfast-cereal/750273-808096-808097,Dorset Cereals Oat Granola Breakfast Cereal,500g,£3.75,75p/100g,,Dietary & Lifestyle
587862,Naturli Organic Vegan Unsalted Butter Alternative,G,false,1350,https://ecom-su-static-prod.wtrecom.com/images/products/3/LN_587862_BP_3.jpg,https://www.waitrose.com/ecom/products/naturli-organic-vegan-unsalted-butter-alternative/587862-744182-744183,Naturli Organic Vegan Unsalted Butter Alternative,200g,£2.00,£10/kg,,Dietary & Lifestyle
839923,Kallo 8 Vegetable Stock Cubes,G,false,1351,https://ecom-su-static-prod.wtrecom.com/images/products/3/LN_839923_BP_3.jpg,https://www.waitrose.com/ecom/products/kallo-8-vegetable-stock-cubes/839923-305651-305652,Kallo 8 Vegetable Stock Cubes,88g,£2.00,£2.28/100g,,Dietary & Lifestyle
523639,Kellogg's Crunchy Nut Breakfast Cereal,G,false,1352,https://ecom-su-static-prod.wtrecom.com/images/products/3/LN_523639_BP_3.jpg,https://www.waitrose.com/ecom/products/kelloggs-crunchy-nut-breakfast-cereal/523639-803300-803301,Kellogg's Crunchy Nut Breakfast Cereal,300g,£2.40,80p/100g,,Dietary & Lifestyle
047538,Linda McCartney's Frozen Vegan Sausages,G,true,1353,https://ecom-su-static-prod.wtrecom.com/images/products/3/LN_047538_BP_3.jpg,https://www.waitrose.com/ecom/products/linda-mccartneys-frozen-vegan-sausages/047538-23470-23471,Linda McCartney's Frozen Vegan Sausages,270g,£1.95,£7.23/kg,25% Off. Was £2.65,Dietary & Lifestyle
011134,Cooks' Ingredients Porcini Mushrooms,G,false,1354,https://ecom-su-static-prod.wtrecom.com/images/products/3/LN_011134_BP_3.jpg,https://www.waitrose.com/ecom/products/cooks-ingredients-porcini-mushrooms/011134-5532-5533,Cooks' Ingredients Porcini Mushrooms,30g,£3.10,£10.34/100g,,Dietary & Lifestyle
846773,Lily's Kitchen Organic Chicken Supper Wet Food for Dogs,G,false,1355,https://ecom-su-static-prod.wtrecom.com/images/products/3/LN_846773_BP_3.jpg,https://www.waitrose.com/ecom/products/lilys-kitchen-organic-chicken-supper-wet-food-for-dogs/846773-216120-216121,Lily's Kitchen Organic Chicken Supper Wet Food for Dogs,150g,£1.80,£12/kg,,Dietary & Lifestyle
884623,Waitrose Free From Gluten Red Lentil Pasta,G,false,1356,https://ecom-su-static-prod.wtrecom.com/images/products/3/LN_884623_BP_3.jpg,https://www.waitrose.com/ecom/products/waitrose-free-from-gluten-red-lentil-pasta/884623-496814-496815,Waitrose Free From Gluten Red Lentil Pasta,250g,£2.00,£8/kg,,Dietary & Lifestyle
633109,Eat Natural Low Sugar Granola,G,true,1357,https://ecom-su-static-prod.wtrecom.com/images/products/3/LN_633109_BP_3.jpg,https://www.waitrose.com/ecom/products/eat-natural-low-sugar-granola/633109-674608-674609,Eat Natural Low Sugar Granola,450g,£3.35,74.4p/100g,20% Off. Was £4.25,Dietary & Lifestyle
896513,Nairn's Gluten Free Chocolate Chip Biscuit Breaks,G,false,1358,https://ecom-su-static-prod.wtrecom.com/images/products/3/LN_896513_BP_3.jpg,https://www.waitrose.com/ecom/products/nairns-gluten-free-chocolate-chip-biscuit-breaks/896513-450871-450872,Nairn's Gluten Free Chocolate Chip Biscuit Breaks,160g,£2.10,£1.32/100g,,Dietary & Lifestyle
059324,Waitrose Quinoa,G,true,1359,https://ecom-su-static-prod.wtrecom.com/images/products/3/LN_059324_BP_3.jpg,https://www.waitrose.com/ecom/products/waitrose-quinoa/059324-29873-29874,Waitrose Quinoa,500g,£2.60,£5.20/kg,20% Off. Was £3.25,Dietary & Lifestyle
538557,Dell'Ugo Beetroot & Goat's Cheese Fiorelli,G,false,1360,https://ecom-su-static-prod.wtrecom.com/images/products/3/LN_538557_BP_3.jpg,https://www.waitrose.com/ecom/products/dellugo-beetroot-goats-cheese-fiorelli/538557-661647-661648,Dell'Ugo Beetroot & Goat's Cheese Fiorelli,250g,£4.00,£16/kg,,Dietary & Lifestyle
840008,Dorset Cereals Berry Granola Breakfast Cereal,G,false,1361,https://ecom-su-static-prod.wtrecom.com/images/products/3/LN_840008_BP_3.jpg,https://www.waitrose.com/ecom/products/dorset-cereals-berry-granola-breakfast-cereal/840008-808108-808109,Dorset Cereals Berry Granola Breakfast Cereal,450g,£3.75,83.3p/100g,,Dietary & Lifestyle
737277,Birds Eye Gluten Free Fish Fingers,G,false,1362,https://ecom-su-static-prod.wtrecom.com/images/products/3/LN_737277_BP_3.jpg,https://www.waitrose.com/ecom/products/birds-eye-gluten-free-fish-fingers/737277-697052-697053,Birds Eye Gluten Free Fish Fingers,360g,£3.50,£9.73/kg,,Dietary & Lifestyle
781421,Heinz Classic Carrot & Coriander Soup,G,true,1363,https://ecom-su-static-prod.wtrecom.com/images/products/3/LN_781421_BP_3.jpg,https://www.waitrose.com/ecom/products/heinz-classic-carrot-coriander-soup/781421-149683-149684,Heinz Classic Carrot & Coriander Soup,400g,£1.75,43.8p/100g,Add 3 for £4.50,Dietary & Lifestyle
456196,Bonne Maman Salted Caramel Crème,G,false,1364,https://ecom-su-static-prod.wtrecom.com/images/products/3/LN_456196_BP_3.jpg,https://www.waitrose.com/ecom/products/bonne-maman-salted-caramel-creme/456196-549849-549850,Bonne Maman Salted Caramel Crème,2x90g,£2.30,£1.28/100g,,Dietary & Lifestyle
805049,Waitrose Frozen Pea & Asparagus Risotto for 2,G,false,1365,https://ecom-su-static-prod.wtrecom.com/images/products/3/LN_805049_BP_3.jpg,https://www.waitrose.com/ecom/products/waitrose-frozen-pea-asparagus-risotto-for-2/805049-693924-693925,Waitrose Frozen Pea & Asparagus Risotto for 2,800g,£4.80,£6/kg,,Dietary & Lifestyle
806313,Rude Health Coconut Organic Milk Alternative,G,false,1366,https://ecom-su-static-prod.wtrecom.com/images/products/3/LN_806313_BP_3.jpg,https://www.waitrose.com/ecom/products/rude-health-coconut-organic-milk-alternative/806313-601800-601801,Rude Health Coconut Organic Milk Alternative,1litre,£2.40,£2.40/litre,,Dietary & Lifestyle
662860,Tony's Chocolonely Dark Chocolate Almond,G,false,1367,https://ecom-su-static-prod.wtrecom.com/images/products/3/LN_662860_BP_3.jpg,https://www.waitrose.com/ecom/products/tonys-chocolonely-dark-chocolate-almond/662860-689342-689343,Tony's Chocolonely Dark Chocolate Almond,180g,£3.00,£1.67/100g,,Dietary & Lifestyle
838664,Crosta & Mollica 2 Frozen Stromboli Sourdough Pizzas,G,true,1368,https://ecom-su-static-prod.wtrecom.com/images/products/3/LN_838664_BP_3.jpg,https://www.waitrose.com/ecom/products/crosta-mollica-2-frozen-stromboli-sourdough-pizzas/838664-762574-762575,Crosta & Mollica 2 Frozen Stromboli Sourdough Pizzas,434g,£4.20,£9.68/kg,20% Off. Was £5.25,Dietary & Lifestyle
014306,Waitrose Sesame Seeds,G,false,1369,https://ecom-su-static-prod.wtrecom.com/images/products/3/LN_014306_BP_3.jpg,https://www.waitrose.com/ecom/products/waitrose-sesame-seeds/014306-6876-6877,Waitrose Sesame Seeds,100g,£1.25,£12.50/kg,,Dietary & Lifestyle
666173,Crosta & Mollica Black Olive Grissini,G,false,1370,https://ecom-su-static-prod.wtrecom.com/images/products/3/LN_666173_BP_3.jpg,https://www.waitrose.com/ecom/products/crosta-mollica-black-olive-grissini/666173-94560-94561,Crosta & Mollica Black Olive Grissini,140g,£2.10,£1.50/100g,,Dietary & Lifestyle
088688,Waitrose Large Passion Fruit,G,true,1371,https://ecom-su-static-prod.wtrecom.com/images/products/3/LN_088688_BP_3.jpg,https://www.waitrose.com/ecom/products/waitrose-large-passion-fruit/088688-45569-45570,Waitrose Large Passion Fruit,2s,£2.20,£1.10 each,Add 2 for £4,Dietary & Lifestyle
845366,Lily's Kitchen Chomp Away Chicken Bites Dog Treats,G,true,1372,https://ecom-su-static-prod.wtrecom.com/images/products/3/LN_845366_BP_3.jpg,https://www.waitrose.com/ecom/products/lilys-kitchen-chomp-away-chicken-bites-dog-treats/845366-707674-707675,Lily's Kitchen Chomp Away Chicken Bites Dog Treats,70g,£2.75,£39.29/kg,25% Off. Was £3.70,Dietary & Lifestyle
523342,Nairn's Gluten Free Cheese Oatcakes,G,false,1373,https://ecom-su-static-prod.wtrecom.com/images/products/3/LN_523342_BP_3.jpg,https://www.waitrose.com/ecom/products/nairns-gluten-free-cheese-oatcakes/523342-143646-143647,Nairn's Gluten Free Cheese Oatcakes,180g,£2.10,£1.17/100g,,Dietary & Lifestyle
439213,Tilda Coconut Basmati Rice,G,true,1374,https://ecom-su-static-prod.wtrecom.com/images/products/3/LN_439213_BP_3.jpg,https://www.waitrose.com/ecom/products/tilda-coconut-basmati-rice/439213-148175-148176,Tilda Coconut Basmati Rice,250g,£1.00,£4/kg,save 85p. Was £1.85,Dietary & Lifestyle
007968,Alpro Soya Light Chilled Dairy Free Milk Alternative,G,false,1375,https://ecom-su-static-prod.wtrecom.com/images/products/3/LN_007968_BP_3.jpg,https://www.waitrose.com/ecom/products/alpro-soya-light-chilled-dairy-free-milk-alternative/007968-3793-3794,Alpro Soya Light Chilled Dairy Free Milk Alternative,1litre,£2.10,£2.10/litre,,Dietary & Lifestyle
734461,Graze Cherry Bakewell Oat Boosts,G,false,1376,https://ecom-su-static-prod.wtrecom.com/images/products/3/LN_734461_BP_3.jpg,https://www.waitrose.com/ecom/products/graze-cherry-bakewell-oat-boosts/734461-786274-786275,Graze Cherry Bakewell Oat Boosts,4x30g,£2.90,£2.42/100g,,Dietary & Lifestyle
696124,Duchy Organic Fairtrade Coconut Oil,G,false,1377,https://ecom-su-static-prod.wtrecom.com/images/products/3/LN_696124_BP_3.jpg,https://www.waitrose.com/ecom/products/duchy-organic-fairtrade-coconut-oil/696124-805803-805804,Duchy Organic Fairtrade Coconut Oil,300ml,£3.60,£1.20/100ml,,Dietary & Lifestyle
091282,New Covent Garden Creamy Vegetable Soup,G,false,1378,https://ecom-su-static-prod.wtrecom.com/images/products/3/LN_091282_BP_3.jpg,https://www.waitrose.com/ecom/products/new-covent-garden-creamy-vegetable-soup/091282-47003-47004,New Covent Garden Creamy Vegetable Soup,560g,£2.35,42p/100g,,Dietary & Lifestyle
505479,Waitrose Free From Gluten Chocolate Brownies,G,false,1379,https://ecom-su-static-prod.wtrecom.com/images/products/3/LN_505479_BP_3.jpg,https://www.waitrose.com/ecom/products/waitrose-free-from-gluten-chocolate-brownies/505479-450404-450405,Waitrose Free From Gluten Chocolate Brownies,150g,£2.80,£18.67/kg,,Dietary & Lifestyle
844337,Waitrose Frozen 2 Mild & Delicate Dusted Cod,G,false,1380,https://ecom-su-static-prod.wtrecom.com/images/products/3/LN_844337_BP_3.jpg,https://www.waitrose.com/ecom/products/waitrose-frozen-2-mild-delicate-dusted-cod/844337-443910-443911,Waitrose Frozen 2 Mild & Delicate Dusted Cod,230g,£4.00,£17.40/kg,,Dietary & Lifestyle
534682,Big Drop Brewing Co Paradiso Citra IPA Alcohol Free,G,true,1381,https://ecom-su-static-prod.wtrecom.com/images/products/3/LN_534682_BP_3.jpg,https://www.waitrose.com/ecom/products/big-drop-brewing-co-paradiso-citra-ipa-alcohol-free/534682-728216-728217,Big Drop Brewing Co Paradiso Citra IPA Alcohol Free,330ml,£1.75,£5.31/litre,Add 4 for £5,Dietary & Lifestyle
435996,Essential Unsweetened Chilled Almond Milk Drink,G,false,1382,https://ecom-su-static-prod.wtrecom.com/images/products/3/LN_435996_BP_3.jpg,https://www.waitrose.com/ecom/products/essential-unsweetened-chilled-almond-milk-drink/435996-735718-735719,Essential Unsweetened Chilled Almond Milk Drink,1litre,£1.50,£1.50/litre,,Dietary & Lifestyle
419442,Waitrose Apple & Blackberry Crumble,G,false,1383,https://ecom-su-static-prod.wtrecom.com/images/products/3/LN_419442_BP_3.jpg,https://www.waitrose.com/ecom/products/waitrose-apple-blackberry-crumble/419442-526451-526452,Waitrose Apple & Blackberry Crumble,500g,£4.00,80p/100g,,Dietary & Lifestyle
857789,Knorr Gluten Free Vegetable Stock Pot,G,false,1384,https://ecom-su-static-prod.wtrecom.com/images/products/3/LN_857789_BP_3.jpg,https://www.waitrose.com/ecom/products/knorr-gluten-free-vegetable-stock-pot/857789-230083-230084,Knorr Gluten Free Vegetable Stock Pot,4x28g,£2.00,£1.79/100g,,Dietary & Lifestyle
073313,Alpro Vanilla Dairy Free Soya Custard,G,false,1385,https://ecom-su-static-prod.wtrecom.com/images/products/3/LN_073313_BP_3.jpg,https://www.waitrose.com/ecom/products/alpro-vanilla-dairy-free-soya-custard/073313-37202-37203,Alpro Vanilla Dairy Free Soya Custard,525g,£1.25,23.8p/100g,,Dietary & Lifestyle
418092,Equinox Kombucha Pink Grapefruit & Guava Organic Fruit Juice,G,false,1386,https://ecom-su-static-prod.wtrecom.com/images/products/3/LN_418092_BP_3.jpg,https://www.waitrose.com/ecom/products/equinox-kombucha-pink-grapefruit-guava-organic-fruit-juice/418092-680883-680884,Equinox Kombucha Pink Grapefruit & Guava Organic Fruit Juice,275ml,£2.20,80p/100ml,,Dietary & Lifestyle
049237,Essential Broad Beans,G,false,1387,https://ecom-su-static-prod.wtrecom.com/images/products/3/LN_049237_BP_3.jpg,https://www.waitrose.com/ecom/products/essential-broad-beans/049237-24532-24533,Essential Broad Beans,500g,£2.25,£4.50/kg,,Dietary & Lifestyle
085475,Waitrose Okra,G,false,1388,https://ecom-su-static-prod.wtrecom.com/images/products/3/LN_085475_BP_3.jpg,https://www.waitrose.com/ecom/products/waitrose-okra/085475-43540-43541,Waitrose Okra,175g,£1.90,£10.86/kg,,Dietary & Lifestyle
590462,Magnum Mini Intense Dark Chocolate Ice Cream Sticks,G,false,1389,https://ecom-su-static-prod.wtrecom.com/images/products/3/LN_590462_BP_3.jpg,https://www.waitrose.com/ecom/products/magnum-mini-intense-dark-chocolate-ice-cream-sticks/590462-824371-824372,Magnum Mini Intense Dark Chocolate Ice Cream Sticks,6x55ml,£4.75,£1.44/100ml,,Dietary & Lifestyle
598880,Dr Karg's Pumpkin Seeds Protein Thins,G,false,1390,https://ecom-su-static-prod.wtrecom.com/images/products/3/LN_598880_BP_3.jpg,https://www.waitrose.com/ecom/products/dr-kargs-pumpkin-seeds-protein-thins/598880-698044-698045,Dr Karg's Pumpkin Seeds Protein Thins,150g,£2.75,£1.84/100g,,Dietary & Lifestyle
003630,Waitrose Duchy Organic Cashew Nuts,G,false,1391,https://ecom-su-static-prod.wtrecom.com/images/products/3/LN_003630_BP_3.jpg,https://www.waitrose.com/ecom/products/waitrose-duchy-organic-cashew-nuts/003630-1493-1494,Waitrose Duchy Organic Cashew Nuts,150g,£3.50,£2.34/100g,,Dietary & Lifestyle
780610,Activia Vanilla Low Fat Active Gut Health Yogurt,G,true,1392,https://ecom-su-static-prod.wtrecom.com/images/products/3/LN_780610_BP_3.jpg,https://www.waitrose.com/ecom/products/activia-vanilla-low-fat-active-gut-health-yogurt/780610-679277-679278,Activia Vanilla Low Fat Active Gut Health Yogurt,165g,£1.95,£1.19/100g,"£5 Food to Go Meal Deal: Add 1 Main, 1 Snack and 1 Drink",Dietary & Lifestyle
849023,Crosta & Mollica Mini Piadina,G,false,1393,https://ecom-su-static-prod.wtrecom.com/images/products/3/LN_849023_BP_3.jpg,https://www.waitrose.com/ecom/products/crosta-mollica-mini-piadina/849023-605234-605235,Crosta & Mollica Mini Piadina,100g,£1.10,£1.10/100g,,Dietary & Lifestyle
896080,DA-SH Water Blackcurrant Sparkling Water,G,true,1394,https://ecom-su-static-prod.wtrecom.com/images/products/3/LN_896080_BP_3.jpg,https://www.waitrose.com/ecom/products/da-sh-water-blackcurrant-sparkling-water/896080-697932-697933,DA-SH Water Blackcurrant Sparkling Water,4x330ml,£4.70,35.6p/100ml,Add 2 for £5.50,Dietary & Lifestyle
779695,Waitrose Mushroom & Ricotta Ravioli,G,false,1395,https://ecom-su-static-prod.wtrecom.com/images/products/3/LN_779695_BP_3.jpg,https://www.waitrose.com/ecom/products/waitrose-mushroom-ricotta-ravioli/779695-793270-793271,Waitrose Mushroom & Ricotta Ravioli,250g,£3.60,£1.44/100g,,Dietary & Lifestyle
406176,Yorkshire Provender Cauliflower Cheese Soup,G,true,1396,https://ecom-su-static-prod.wtrecom.com/images/products/3/LN_406176_BP_3.jpg,https://www.waitrose.com/ecom/products/yorkshire-provender-cauliflower-cheese-soup/406176-381662-381663,Yorkshire Provender Cauliflower Cheese Soup,560g,£2.65,47.3p/100g,save 55p. Was £3.20,Dietary & Lifestyle
624161,Essential Cheese & Tomato Pizza,G,false,1397,https://ecom-su-static-prod.wtrecom.com/images/products/3/LN_624161_BP_3.jpg,https://www.waitrose.com/ecom/products/essential-cheese-tomato-pizza/624161-420291-420292,Essential Cheese & Tomato Pizza,486g,£3.50,£7.21/kg,,Dietary & Lifestyle
512337,Waitrose Frozen British Blackberries,G,false,1398,https://ecom-su-static-prod.wtrecom.com/images/products/3/LN_512337_BP_3.jpg,https://www.waitrose.com/ecom/products/waitrose-frozen-british-blackberries/512337-72411-72412,Waitrose Frozen British Blackberries,300g,£3.20,£10.67/kg,,Dietary & Lifestyle
540560,Waitrose Candy Seedless Grapes,G,false,1399,https://ecom-su-static-prod.wtrecom.com/images/products/3/LN_540560_BP_3.jpg,https://www.waitrose.com/ecom/products/waitrose-candy-seedless-grapes/540560-601690-601691,Waitrose Candy Seedless Grapes,400g,£3.00,£7.50/kg,,Dietary & Lifestyle
813737,Charlie Bigham's Spanish Chicken & Roasted Potatoes for 2,G,false,1400,https://ecom-su-static-prod.wtrecom.com/images/products/3/LN_813737_BP_3.jpg,https://www.waitrose.com/ecom/products/charlie-bighams-spanish-chicken-roasted-potatoes-for-2/813737-337214-337215,Charlie Bigham's Spanish Chicken & Roasted Potatoes for 2,775g,£9.50,£12.26/kg,,Dietary & Lifestyle
010794,Kellogg's Special K Red Berries Breakfast Cereal,G,true,1401,https://ecom-su-static-prod.wtrecom.com/images/products/3/LN_010794_BP_3.jpg,https://www.waitrose.com/ecom/products/kelloggs-special-k-red-berries-breakfast-cereal/010794-5370-5371,Kellogg's Special K Red Berries Breakfast Cereal,330g,£2.75,83.3p/100g,save 70p. Was £3.45,Dietary & Lifestyle
415273,Quorn Vegetarian Crispy Nuggets 300g,G,false,1402,https://ecom-su-static-prod.wtrecom.com/images/products/3/LN_415273_BP_3.jpg,https://www.waitrose.com/ecom/products/quorn-vegetarian-crispy-nuggets-300g/415273-343972-343973,Quorn Vegetarian Crispy Nuggets 300g,300g,£2.65,£8.84/kg,,Dietary & Lifestyle
851016,Waitrose Dark Chocolate with Salted Caramel,G,false,1403,https://ecom-su-static-prod.wtrecom.com/images/products/3/LN_851016_BP_3.jpg,https://www.waitrose.com/ecom/products/waitrose-dark-chocolate-with-salted-caramel/851016-710413-710414,Waitrose Dark Chocolate with Salted Caramel,90g,£2.00,£2.23/100g,,Dietary & Lifestyle
073552,HP Brown Sauce Small Bottle,G,false,1404,https://ecom-su-static-prod.wtrecom.com/images/products/3/LN_073552_BP_3.jpg,https://www.waitrose.com/ecom/products/hp-brown-sauce-small-bottle/073552-37312-37313,HP Brown Sauce Small Bottle,285g,£2.55,89.5p/100g,,Dietary & Lifestyle
092162,"Muller Light Strawberry, Cherry, Raspberry & Cranberry Yogurts",G,false,1405,https://ecom-su-static-prod.wtrecom.com/images/products/3/LN_092162_BP_3.jpg,https://www.waitrose.com/ecom/products/muller-light-strawberry-cherry-raspberry-cranberry-yogurts/092162-47426-47426,"Muller Light Strawberry, Cherry, Raspberry & Cranberry Yogurts",6x140g,£4.20,50p/100g,,Dietary & Lifestyle
384567,GOOD TO GO Pineapple,G,true,1406,https://ecom-su-static-prod.wtrecom.com/images/products/3/LN_384567_BP_3.jpg,https://www.waitrose.com/ecom/products/good-to-go-pineapple/384567-133480-133481,GOOD TO GO Pineapple,120g,£1.35,£11.25/kg,"£5 Food to Go Meal Deal: Add 1 Main, 1 Snack and 1 Drink",Dietary & Lifestyle
096635,Waitrose Roasted Salted Savoury Mix,G,false,1407,https://ecom-su-static-prod.wtrecom.com/images/products/3/LN_096635_BP_3.jpg,https://www.waitrose.com/ecom/products/waitrose-roasted-salted-savoury-mix/096635-49416-49417,Waitrose Roasted Salted Savoury Mix,200g,£2.50,£1.25/100g,,Dietary & Lifestyle
756483,Tyrrell's Chips Sea Salt & Black Pepper,G,false,1408,https://ecom-su-static-prod.wtrecom.com/images/products/3/LN_756483_BP_3.jpg,https://www.waitrose.com/ecom/products/tyrrells-chips-sea-salt-black-pepper/756483-107611-107612,Tyrrell's Chips Sea Salt & Black Pepper,150g,£2.75,£1.84/100g,,Dietary & Lifestyle
589164,Beyond Meat Beyond Burger Plant-Based Burger,G,false,1409,https://ecom-su-static-prod.wtrecom.com/images/products/3/LN_589164_BP_3.jpg,https://www.waitrose.com/ecom/products/beyond-meat-beyond-burger-plant-based-burger/589164-794944-794945,Beyond Meat Beyond Burger Plant-Based Burger,226g,£4.50,£2/100g,,Dietary & Lifestyle
647195,Tony's Chocolonely Milk Chocolate,G,false,1410,https://ecom-su-static-prod.wtrecom.com/images/products/3/LN_647195_BP_3.jpg,https://www.waitrose.com/ecom/products/tonys-chocolonely-milk-chocolate/647195-686317-686318,Tony's Chocolonely Milk Chocolate,180g,£3.00,£1.67/100g,,Dietary & Lifestyle
453971,Higgidy Great British Pork Sausage Rolls,G,true,1411,https://ecom-su-static-prod.wtrecom.com/images/products/3/LN_453971_BP_3.jpg,https://www.waitrose.com/ecom/products/higgidy-great-british-pork-sausage-rolls/453971-724845-724846,Higgidy Great British Pork Sausage Rolls,160g,£2.50,£1.57/100g,save 95p. Was £3.45,Dietary & Lifestyle
605379,Waitrose Multigrain Farmhouse,G,false,1412,https://ecom-su-static-prod.wtrecom.com/images/products/3/LN_605379_BP_3.jpg,https://www.waitrose.com/ecom/products/waitrose-multigrain-farmhouse/605379-653526-653527,Waitrose Multigrain Farmhouse,400g,£1.15,28.8p/100g,,Dietary & Lifestyle
525637,Deliciously Ella Gluten Free & Vegan Apricot & Coconut Oat Bars,G,false,1413,https://ecom-su-static-prod.wtrecom.com/images/products/3/LN_525637_BP_3.jpg,https://www.waitrose.com/ecom/products/deliciously-ella-gluten-free-vegan-apricot-coconut-oat-bars/525637-666670-666671,Deliciously Ella Gluten Free & Vegan Apricot & Coconut Oat Bars,3x50g,£2.80,£1.87/100g,,Dietary & Lifestyle
634694,Genius Gluten Free Brioche Burger Buns,G,true,1414,https://ecom-su-static-prod.wtrecom.com/images/products/3/LN_634694_BP_3.jpg,https://www.waitrose.com/ecom/products/genius-gluten-free-brioche-burger-buns/634694-701974-701975,Genius Gluten Free Brioche Burger Buns,2x70g,£1.65,£1.18/100g,save 30p. Was £1.95,Dietary & Lifestyle
407620,Brooklyn Special Effects Low Alcohol Lager,G,false,1415,https://ecom-su-static-prod.wtrecom.com/images/products/3/LN_407620_BP_3.jpg,https://www.waitrose.com/ecom/products/brooklyn-special-effects-low-alcohol-lager/407620-755757-755758,Brooklyn Special Effects Low Alcohol Lager,4x330ml,£5.00,£3.79/litre,,Dietary & Lifestyle
494541,Lily's Kitchen The Best Ever Beef Mini Burgers Dog Treats,G,true,1416,https://ecom-su-static-prod.wtrecom.com/images/products/3/LN_494541_BP_3.jpg,https://www.waitrose.com/ecom/products/lilys-kitchen-the-best-ever-beef-mini-burgers-dog-treats/494541-707410-707411,Lily's Kitchen The Best Ever Beef Mini Burgers Dog Treats,70g,£2.75,£39.29/kg,25% Off. Was £3.70,Dietary & Lifestyle
815232,No.1 Dark Chocolate with Orange & Almond,G,false,1417,https://ecom-su-static-prod.wtrecom.com/images/products/3/LN_815232_BP_3.jpg,https://www.waitrose.com/ecom/products/no1-dark-chocolate-with-orange-almond/815232-706944-706945,No.1 Dark Chocolate with Orange & Almond,100g,£2.25,£2.25/100g,,Dietary & Lifestyle
459471,Fibre One 90 Calorie Chocolate Fudge Brownies,G,false,1418,https://ecom-su-static-prod.wtrecom.com/images/products/3/LN_459471_BP_3.jpg,https://www.waitrose.com/ecom/products/fibre-one-90-calorie-chocolate-fudge-brownies/459471-491921-491922,Fibre One 90 Calorie Chocolate Fudge Brownies,5x24g,£3.00,£2.50/100g,,Dietary & Lifestyle
016678,Waitrose Colombian Ground Coffee,G,false,1419,https://ecom-su-static-prod.wtrecom.com/images/products/3/LN_016678_BP_3.jpg,https://www.waitrose.com/ecom/products/waitrose-colombian-ground-coffee/016678-8023-8024,Waitrose Colombian Ground Coffee,454g,£7.25,£1.60/100g,,Dietary & Lifestyle
862950,MOTH Margarita,G,true,1420,https://ecom-su-static-prod.wtrecom.com/images/products/3/LN_862950_BP_3.jpg,https://www.waitrose.com/ecom/products/moth-margarita/862950-746607-746608,MOTH Margarita,125ml,£3.99,£31.92/litre,Mix & Match Add 4 for 3 Cheapest Item Free,Dietary & Lifestyle
011176,Waitrose Roast Salted Pistachios,G,false,1421,https://ecom-su-static-prod.wtrecom.com/images/products/3/LN_011176_BP_3.jpg,https://www.waitrose.com/ecom/products/waitrose-roast-salted-pistachios/011176-5554-5555,Waitrose Roast Salted Pistachios,100g,£2.00,£2/100g,,Dietary & Lifestyle
864062,PlantLiving Deli Style Coleslaw,G,false,1422,https://ecom-su-static-prod.wtrecom.com/images/products/3/LN_864062_BP_3.jpg,https://www.waitrose.com/ecom/products/plantliving-deli-style-coleslaw/864062-791398-791399,PlantLiving Deli Style Coleslaw,300g,£1.75,58.3p/100g,,Dietary & Lifestyle
009550,Waitrose Dark Choc with Raisins & Almonds,G,false,1423,https://ecom-su-static-prod.wtrecom.com/images/products/3/LN_009550_BP_3.jpg,https://www.waitrose.com/ecom/products/waitrose-dark-choc-with-raisins-almonds/009550-4696-4697,Waitrose Dark Choc with Raisins & Almonds,180g,£2.20,£1.23/100g,,Dietary & Lifestyle
840025,Mixed Seed Baguette,G,false,1424,https://ecom-su-static-prod.wtrecom.com/images/products/3/LN_840025_BP_3.jpg,https://www.waitrose.com/ecom/products/mixed-seed-baguette/840025-438236-438237,Mixed Seed Baguette,400g,£1.70,42.5p/100g,,Dietary & Lifestyle
001345,Post Grape-Nuts,G,false,1425,https://ecom-su-static-prod.wtrecom.com/images/products/3/LN_001345_BP_3.jpg,https://www.waitrose.com/ecom/products/post-grape-nuts/001345-240-241,Post Grape-Nuts,580g,£4.15,71.6p/100g,,Dietary & Lifestyle
882679,Kallo Apple & Cinnamon Rice & Corn Cakes,G,true,1426,https://ecom-su-static-prod.wtrecom.com/images/products/3/LN_882679_BP_3.jpg,https://www.waitrose.com/ecom/products/kallo-apple-cinnamon-rice-corn-cakes/882679-669173-669174,Kallo Apple & Cinnamon Rice & Corn Cakes,127g,£1.60,£1.26/100g,20% Off. Was £2.00,Dietary & Lifestyle
397924,Dorset Cereals Fantastically Fruity Muesli,G,false,1427,https://ecom-su-static-prod.wtrecom.com/images/products/3/LN_397924_BP_3.jpg,https://www.waitrose.com/ecom/products/dorset-cereals-fantastically-fruity-muesli/397924-55952-55953,Dorset Cereals Fantastically Fruity Muesli,600g,£4.20,70p/100g,,Dietary & Lifestyle
441467,Quorn Vegetarian Pieces,G,false,1428,https://ecom-su-static-prod.wtrecom.com/images/products/3/LN_441467_BP_3.jpg,https://www.waitrose.com/ecom/products/quorn-vegetarian-pieces/441467-794906-794907,Quorn Vegetarian Pieces,300g,£2.65,£8.84/kg,,Dietary & Lifestyle
759755,Moju Cold Pressed Turmeric Fruit Juice Single Shot,G,false,1429,https://ecom-su-static-prod.wtrecom.com/images/products/3/LN_759755_BP_3.jpg,https://www.waitrose.com/ecom/products/moju-cold-pressed-turmeric-fruit-juice-single-shot/759755-598424-598425,Moju Cold Pressed Turmeric Fruit Juice Single Shot,60ml,£2.10,£3.50/100ml,,Dietary & Lifestyle
034114,Flora Sunflower Oil,G,true,1430,https://ecom-su-static-prod.wtrecom.com/images/products/3/LN_034114_BP_3.jpg,https://www.waitrose.com/ecom/products/flora-sunflower-oil/034114-17071-17072,Flora Sunflower Oil,1litre,£2.25,22.5p/100ml,save £1.25. Was £3.50,Dietary & Lifestyle
051500,Oatly Oat Milk Chocolate Dairy Free Milk Alternative,G,true,1431,https://ecom-su-static-prod.wtrecom.com/images/products/3/LN_051500_BP_3.jpg,https://www.waitrose.com/ecom/products/oatly-oat-milk-chocolate-dairy-free-milk-alternative/051500-25634-25635,Oatly Oat Milk Chocolate Dairy Free Milk Alternative,1litre,£1.50,£1.50/litre,save 50p. Was £2.00,Dietary & Lifestyle
837119,The Coconut Collaborative Little Choc Pots,G,false,1432,https://ecom-su-static-prod.wtrecom.com/images/products/3/LN_837119_BP_3.jpg,https://www.waitrose.com/ecom/products/the-coconut-collaborative-little-choc-pots/837119-528164-528165,The Coconut Collaborative Little Choc Pots,4x45g,£3.10,£1.73/100g,,Dietary & Lifestyle
787893,Tilda Rice Milk Organic Gluten Free Milk Alternative,G,true,1433,https://ecom-su-static-prod.wtrecom.com/images/products/3/LN_787893_BP_3.jpg,https://www.waitrose.com/ecom/products/tilda-rice-milk-organic-gluten-free-milk-alternative/787893-772826-772827,Tilda Rice Milk Organic Gluten Free Milk Alternative,1litre,£1.76,£1.76/litre,20% Off. Was £2.20,Dietary & Lifestyle
590970,Proper Chips Lentil Chips Barbecue,G,true,1434,https://ecom-su-static-prod.wtrecom.com/images/products/3/LN_590970_BP_3.jpg,https://www.waitrose.com/ecom/products/proper-chips-lentil-chips-barbecue/590970-719588-719589,Proper Chips Lentil Chips Barbecue,85g,£1.25,£1.48/100g,save 75p. Was £2.00,Dietary & Lifestyle
527601,Granary® Loaf,G,false,1435,https://ecom-su-static-prod.wtrecom.com/images/products/3/LN_527601_BP_3.jpg,https://www.waitrose.com/ecom/products/granary-loaf/527601-373183-373184,Granary® Loaf,800g,£2.00,25p/100g,,Dietary & Lifestyle
764742,Nush Almond Raspberry Dairy Free Yogurt Alternative,G,false,1436,https://ecom-su-static-prod.wtrecom.com/images/products/3/LN_764742_BP_3.jpg,https://www.waitrose.com/ecom/products/nush-almond-raspberry-dairy-free-yogurt-alternative/764742-724020-724021,Nush Almond Raspberry Dairy Free Yogurt Alternative,350g,£3.25,92.9p/100g,,Dietary & Lifestyle
054141,Essential Frozen British Brussels Sprouts,G,false,1437,https://ecom-su-static-prod.wtrecom.com/images/products/3/LN_054141_BP_3.jpg,https://www.waitrose.com/ecom/products/essential-frozen-british-brussels-sprouts/054141-27167-27168,Essential Frozen British Brussels Sprouts,500g,70p,£1.40/kg,,Dietary & Lifestyle
089717,Waitrose Chargrilled Vegetable Sauce & Olives,G,false,1438,https://ecom-su-static-prod.wtrecom.com/images/products/3/LN_089717_BP_3.jpg,https://www.waitrose.com/ecom/products/waitrose-chargrilled-vegetable-sauce-olives/089717-46268-46269,Waitrose Chargrilled Vegetable Sauce & Olives,350g,£2.95,84.3p/100g,,Dietary & Lifestyle
059647,"No.1 Free Range Corn Fed Chicken Drumsticks, Skin-on & Bone-in",G,false,1439,https://ecom-su-static-prod.wtrecom.com/images/products/3/LN_059647_BP_3.jpg,https://www.waitrose.com/ecom/products/no1-free-range-corn-fed-chicken-drumsticks-skin-on-bone-in/059647-30088-30089,"No.1 Free Range Corn Fed Chicken Drumsticks, Skin-on & Bone-in",Typical weight 0.47kg,£3.29 each est.,£7.00/kg,,Dietary & Lifestyle
603301,GoodLife Frozen Vegan Spicy Bean Burgers,G,true,1440,https://ecom-su-static-prod.wtrecom.com/images/products/3/LN_603301_BP_3.jpg,https://www.waitrose.com/ecom/products/goodlife-frozen-vegan-spicy-bean-burgers/603301-380355-380356,GoodLife Frozen Vegan Spicy Bean Burgers,454g,£2.80,£6.17/kg,save 50p. Was £3.30,Dietary & Lifestyle
078507,Clipper Fairtrade Organic House Blend Instant Coffee 100g,G,false,1441,https://ecom-su-static-prod.wtrecom.com/images/products/3/LN_078507_BP_3.jpg,https://www.waitrose.com/ecom/products/clipper-fairtrade-organic-house-blend-instant-coffee-100g/078507-39975-39976,Clipper Fairtrade Organic House Blend Instant Coffee 100g,100g,£6.00,£6/100g,,Dietary & Lifestyle
862283,Lindahls Kvarg Vanilla High Protein Yogurt Single,G,true,1442,https://ecom-su-static-prod.wtrecom.com/images/products/3/LN_862283_BP_3.jpg,https://www.waitrose.com/ecom/products/lindahls-kvarg-vanilla-high-protein-yogurt-single/862283-653781-653782,Lindahls Kvarg Vanilla High Protein Yogurt Single,150g,£1.30,86.7p/100g,Add 2 for £1.50,Dietary & Lifestyle
874033,"Innocent Kids Cherries, Strawberries & Apples Fruit Smoothies",G,false,1443,https://ecom-su-static-prod.wtrecom.com/images/products/3/LN_874033_BP_3.jpg,https://www.waitrose.com/ecom/products/innocent-kids-cherries-strawberries-apples-fruit-smoothies/874033-722672-722673,"Innocent Kids Cherries, Strawberries & Apples Fruit Smoothies",4x150ml,£3.80,63.3p/100ml,,Dietary & Lifestyle
058518,Heinz Cream of Tomato & Basil Soup,G,true,1444,https://ecom-su-static-prod.wtrecom.com/images/products/3/LN_058518_BP_3.jpg,https://www.waitrose.com/ecom/products/heinz-cream-of-tomato-basil-soup/058518-29449-29450,Heinz Cream of Tomato & Basil Soup,400g,£1.75,43.8p/100g,Add 3 for £4.50,Dietary & Lifestyle
661586,Bold Bean Co Organic Chick Peas,G,false,1445,https://ecom-su-static-prod.wtrecom.com/images/products/3/LN_661586_BP_3.jpg,https://www.waitrose.com/ecom/products/bold-bean-co-organic-chick-peas/661586-780693-780694,Bold Bean Co Organic Chick Peas,700g,£4.00,£8/kg,,Dietary & Lifestyle
410933,Tilda Lemon & Herbs Basmati Rice,G,true,1446,https://ecom-su-static-prod.wtrecom.com/images/products/3/LN_410933_BP_3.jpg,https://www.waitrose.com/ecom/products/tilda-lemon-herbs-basmati-rice/410933-211604-211605,Tilda Lemon & Herbs Basmati Rice,250g,£1.00,£4/kg,save 85p. Was £1.85,Dietary & Lifestyle
477015,Waitrose Free From Gluten Choc Chunk Cookies,G,false,1447,https://ecom-su-static-prod.wtrecom.com/images/products/3/LN_477015_BP_3.jpg,https://www.waitrose.com/ecom/products/waitrose-free-from-gluten-choc-chunk-cookies/477015-744963-744964,Waitrose Free From Gluten Choc Chunk Cookies,150g,£2.80,£1.87/100g,,Dietary & Lifestyle
081785,Sharwood's Peshwari Naans,G,false,1448,https://ecom-su-static-prod.wtrecom.com/images/products/3/LN_081785_BP_3.jpg,https://www.waitrose.com/ecom/products/sharwoods-peshwari-naans/081785-41597-41598,Sharwood's Peshwari Naans,4s,£2.00,50p each,,Dietary & Lifestyle
492146,No.1 Dark Chocolate with Ginger & Turmeric,G,false,1449,https://ecom-su-static-prod.wtrecom.com/images/products/3/LN_492146_BP_3.jpg,https://www.waitrose.com/ecom/products/no1-dark-chocolate-with-ginger-turmeric/492146-706919-706920,No.1 Dark Chocolate with Ginger & Turmeric,100g,£2.25,£2.25/100g,,Dietary & Lifestyle
773510,Volvic Touch of Mango Passion Sugar Free Flavoured Water,G,false,1450,https://ecom-su-static-prod.wtrecom.com/images/products/3/LN_773510_BP_3.jpg,https://www.waitrose.com/ecom/products/volvic-touch-of-mango-passion-sugar-free-flavoured-water/773510-724032-724033,Volvic Touch of Mango Passion Sugar Free Flavoured Water,1.5litre,£1.45,9.7p/100ml,,Dietary & Lifestyle
492794,Mr Organic Basilico Pasta Sauce,G,false,1451,https://ecom-su-static-prod.wtrecom.com/images/products/3/LN_492794_BP_3.jpg,https://www.waitrose.com/ecom/products/mr-organic-basilico-pasta-sauce/492794-600576-600577,Mr Organic Basilico Pasta Sauce,350g,£3.00,85.7p/100g,,Dietary & Lifestyle
515426,Cooks' Ingredients Frozen Chopped Coriander,G,true,1452,https://ecom-su-static-prod.wtrecom.com/images/products/3/LN_515426_BP_3.jpg,https://www.waitrose.com/ecom/products/cooks-ingredients-frozen-chopped-coriander/515426-72849-72850,Cooks' Ingredients Frozen Chopped Coriander,75g,£1.85,24.7p/10g,Add 2 for £3,Dietary & Lifestyle
073806,Kallo Milk Chocolate Rice Cake Thins,G,false,1453,https://ecom-su-static-prod.wtrecom.com/images/products/3/LN_073806_BP_3.jpg,https://www.waitrose.com/ecom/products/kallo-milk-chocolate-rice-cake-thins/073806-37440-37441,Kallo Milk Chocolate Rice Cake Thins,90g,£2.55,£2.84/100g,,Dietary & Lifestyle
755013,Essential Fairtrade Mountain Blend Ground Coffee,G,false,1454,https://ecom-su-static-prod.wtrecom.com/images/products/3/LN_755013_BP_3.jpg,https://www.waitrose.com/ecom/products/essential-fairtrade-mountain-blend-ground-coffee/755013-107381-107382,Essential Fairtrade Mountain Blend Ground Coffee,227g,£2.85,£1.26/100g,,Dietary & Lifestyle
845784,The Tofoo Co. Tempeh,G,false,1455,https://ecom-su-static-prod.wtrecom.com/images/products/3/LN_845784_BP_3.jpg,https://www.waitrose.com/ecom/products/the-tofoo-co-tempeh/845784-706723-706724,The Tofoo Co. Tempeh,200g,£2.95,£14.75/kg,,Dietary & Lifestyle
566977,"Innocent Energise, Strawberry & Cherry High Vitamin Fruit Super Smoothie",G,false,1456,https://ecom-su-static-prod.wtrecom.com/images/products/3/LN_566977_BP_3.jpg,https://www.waitrose.com/ecom/products/innocent-energise-strawberry-cherry-high-vitamin-fruit-super-smoothie/566977-722093-722094,"Innocent Energise, Strawberry & Cherry High Vitamin Fruit Super Smoothie",750ml,£4.75,63.3p/100ml,,Dietary & Lifestyle
791863,Muller Bliss Marscapone Style Peach & Apricot Yogurts,G,false,1457,https://ecom-su-static-prod.wtrecom.com/images/products/3/LN_791863_BP_3.jpg,https://www.waitrose.com/ecom/products/muller-bliss-marscapone-style-peach-apricot-yogurts/791863-807062-807063,Muller Bliss Marscapone Style Peach & Apricot Yogurts,4x100g,£2.85,71.3p/100g,,Dietary & Lifestyle
031420,Alpro Plain Soya Natural Dairy Free Yogurt Alternative,G,true,1458,https://ecom-su-static-prod.wtrecom.com/images/products/3/LN_031420_BP_3.jpg,https://www.waitrose.com/ecom/products/alpro-plain-soya-natural-dairy-free-yogurt-alternative/031420-15305-15306,Alpro Plain Soya Natural Dairy Free Yogurt Alternative,500g,£1.50,30p/100g,save 70p. Was £2.20,Dietary & Lifestyle
049465,Duchy Organic Strong White Bread Flour,G,false,1459,https://ecom-su-static-prod.wtrecom.com/images/products/3/LN_049465_BP_3.jpg,https://www.waitrose.com/ecom/products/duchy-organic-strong-white-bread-flour/049465-24644-24645,Duchy Organic Strong White Bread Flour,1.5kg,£2.20,£1.47/kg,,Dietary & Lifestyle
019533,Essential Mixed Beans in a Spicy Tomato Sauce,G,false,1460,https://ecom-su-static-prod.wtrecom.com/images/products/3/LN_019533_BP_3.jpg,https://www.waitrose.com/ecom/products/essential-mixed-beans-in-a-spicy-tomato-sauce/019533-9465-9466,Essential Mixed Beans in a Spicy Tomato Sauce,395g,£1.00,£2.54/kg,,Dietary & Lifestyle
720205,Popchips Salt & Vinegar,G,true,1461,https://ecom-su-static-prod.wtrecom.com/images/products/3/LN_720205_BP_3.jpg,https://www.waitrose.com/ecom/products/popchips-salt-vinegar/720205-204953-204954,Popchips Salt & Vinegar,85g,£1.50,£1.77/100g,save 75p. Was £2.25,Dietary & Lifestyle
544127,Hellmann's Plant Based Mayonnaise,G,true,1462,https://ecom-su-static-prod.wtrecom.com/images/products/3/LN_544127_BP_3.jpg,https://www.waitrose.com/ecom/products/hellmanns-plant-based-mayonnaise/544127-826744-826745,Hellmann's Plant Based Mayonnaise,400g,£3.00,75p/100g,save 40p. Was £3.40,Dietary & Lifestyle
735495,Waitrose Indian Spinach Dal,G,false,1463,https://ecom-su-static-prod.wtrecom.com/images/products/3/LN_735495_BP_3.jpg,https://www.waitrose.com/ecom/products/waitrose-indian-spinach-dal/735495-104548-104549,Waitrose Indian Spinach Dal,300g,£2.85,£9.50/kg,,Dietary & Lifestyle
020327,Essential Grapefruit Segments in Apple Juice,G,false,1464,https://ecom-su-static-prod.wtrecom.com/images/products/3/LN_020327_BP_3.jpg,https://www.waitrose.com/ecom/products/essential-grapefruit-segments-in-apple-juice/020327-9893-9894,Essential Grapefruit Segments in Apple Juice,drained 290g,£1.20,£4.14/kg,,Dietary & Lifestyle
420613,Ella's Kitchen Strawberry Yoghurt,G,false,1465,https://ecom-su-static-prod.wtrecom.com/images/products/3/LN_420613_BP_3.jpg,https://www.waitrose.com/ecom/products/ellas-kitchen-strawberry-yoghurt/420613-655221-655222,Ella's Kitchen Strawberry Yoghurt,90g,£1.30,£1.45/100g,,Dietary & Lifestyle
008471,Pizza Express Dough Balls with Garlic Butter,G,false,1466,https://ecom-su-static-prod.wtrecom.com/images/products/3/LN_008471_BP_3.jpg,https://www.waitrose.com/ecom/products/pizza-express-dough-balls-with-garlic-butter/008471-4032-4032,Pizza Express Dough Balls with Garlic Butter,200g,£3.85,£1.93/100g,,Dietary & Lifestyle
498037,Taifun Smoked Tofu,G,false,1467,https://ecom-su-static-prod.wtrecom.com/images/products/3/LN_498037_BP_3.jpg,https://www.waitrose.com/ecom/products/taifun-smoked-tofu/498037-70368-70369,Taifun Smoked Tofu,200g,£5.00,£25/kg,,Dietary & Lifestyle
867885,MOMA Cranberry & Raisin Jumbo Oat Porridge Pot Gluten Free,G,true,1468,https://ecom-su-static-prod.wtrecom.com/images/products/3/LN_867885_BP_3.jpg,https://www.waitrose.com/ecom/products/moma-cranberry-raisin-jumbo-oat-porridge-pot-gluten-free/867885-302625-302626,MOMA Cranberry & Raisin Jumbo Oat Porridge Pot Gluten Free,70g,£1.35,£1.93/100g,Add 4 for £4,Dietary & Lifestyle
034471,Mrs Elswood Cucumber Spears with Dill,G,false,1469,https://ecom-su-static-prod.wtrecom.com/images/products/3/LN_034471_BP_3.jpg,https://www.waitrose.com/ecom/products/mrs-elswood-cucumber-spears-with-dill/034471-17299-17300,Mrs Elswood Cucumber Spears with Dill,drained 360g,£2.80,77.8p/100g,,Dietary & Lifestyle
615803,Bold Bean Co Organic White Beans,G,false,1470,https://ecom-su-static-prod.wtrecom.com/images/products/3/LN_615803_BP_3.jpg,https://www.waitrose.com/ecom/products/bold-bean-co-organic-white-beans/615803-780247-780248,Bold Bean Co Organic White Beans,700g,£4.00,£8/kg,,Dietary & Lifestyle
783734,Dorset Cereals Spelt Flakes Muesli Cereal,G,false,1471,https://ecom-su-static-prod.wtrecom.com/images/products/3/LN_783734_BP_3.jpg,https://www.waitrose.com/ecom/products/dorset-cereals-spelt-flakes-muesli-cereal/783734-336284-336285,Dorset Cereals Spelt Flakes Muesli Cereal,570g,£4.20,73.7p/100g,,Dietary & Lifestyle
498883,Waitrose Watermelon,G,false,1472,https://ecom-su-static-prod.wtrecom.com/images/products/3/LN_498883_BP_3.jpg,https://www.waitrose.com/ecom/products/waitrose-watermelon/498883-697998-697999,Waitrose Watermelon,450g,£3.95,87.8p/100g,,Dietary & Lifestyle
469362,Naturli' Organic Vegan Spreadable Butter Alternative,G,true,1473,https://ecom-su-static-prod.wtrecom.com/images/products/3/LN_469362_BP_3.jpg,https://www.waitrose.com/ecom/products/naturli-organic-vegan-spreadable-butter-alternative/469362-778168-778169,Naturli' Organic Vegan Spreadable Butter Alternative,450g,£3.50,77.8p/100g,save £1.00. Was £4.50,Dietary & Lifestyle
828993,Innocent Pure Tropical Fruit Juice Large,G,true,1474,https://ecom-su-static-prod.wtrecom.com/images/products/3/LN_828993_BP_3.jpg,https://www.waitrose.com/ecom/products/innocent-pure-tropical-fruit-juice-large/828993-254714-254715,Innocent Pure Tropical Fruit Juice Large,1.35litre,£3.00,22.2p/100ml,save £1.30. Was £4.30,Dietary & Lifestyle
067103,Waitrose Sun-Dried Tomatoes,G,false,1475,https://ecom-su-static-prod.wtrecom.com/images/products/3/LN_067103_BP_3.jpg,https://www.waitrose.com/ecom/products/waitrose-sun-dried-tomatoes/067103-33992-33993,Waitrose Sun-Dried Tomatoes,530g,£5.50,£10.38/kg,,Dietary & Lifestyle
702380,Dorset Cereals Berry & Cherry Muesli Cereal,G,false,1476,https://ecom-su-static-prod.wtrecom.com/images/products/3/LN_702380_BP_3.jpg,https://www.waitrose.com/ecom/products/dorset-cereals-berry-cherry-muesli-cereal/702380-585637-585638,Dorset Cereals Berry & Cherry Muesli Cereal,600g,£4.20,70p/100g,,Dietary & Lifestyle
438381,nakd. Peanut Delight Fruit & Nut Bars Multipack,G,false,1477,https://ecom-su-static-prod.wtrecom.com/images/products/3/LN_438381_BP_3.jpg,https://www.waitrose.com/ecom/products/nakd-peanut-delight-fruit-nut-bars-multipack/438381-518846-518847,nakd. Peanut Delight Fruit & Nut Bars Multipack,4x35g,£3.15,£2.25/100g,,Dietary & Lifestyle
006832,Waitrose Sunflower Seeds,G,false,1478,https://ecom-su-static-prod.wtrecom.com/images/products/3/LN_006832_BP_3.jpg,https://www.waitrose.com/ecom/products/waitrose-sunflower-seeds/006832-3079-3080,Waitrose Sunflower Seeds,100g,£1.25,£12.50/kg,,Dietary & Lifestyle
044134,Flora Lighter Dairy Spread,G,true,1479,https://ecom-su-static-prod.wtrecom.com/images/products/3/LN_044134_BP_3.jpg,https://www.waitrose.com/ecom/products/flora-lighter-dairy-spread/044134-21733-21734,Flora Lighter Dairy Spread,450g,£1.50,£3.34/kg,save £1.00. Was £2.50,Dietary & Lifestyle
685824,Cooks' Ingredients Frozen Chopped Parsley,G,true,1480,https://ecom-su-static-prod.wtrecom.com/images/products/3/LN_685824_BP_3.jpg,https://www.waitrose.com/ecom/products/cooks-ingredients-frozen-chopped-parsley/685824-97399-97400,Cooks' Ingredients Frozen Chopped Parsley,75g,£1.85,24.7p/10g,Add 2 for £3,Dietary & Lifestyle
810211,Eat Natural Gluten Free Ginger Apple Dark Chocolate Bars,G,true,1481,https://ecom-su-static-prod.wtrecom.com/images/products/3/LN_810211_BP_3.jpg,https://www.waitrose.com/ecom/products/eat-natural-gluten-free-ginger-apple-dark-chocolate-bars/810211-580222-580223,Eat Natural Gluten Free Ginger Apple Dark Chocolate Bars,3x40g,£2.00,£1.67/100g,save 50p. Was £2.50,Dietary & Lifestyle
628292,"Waitrose 2 Sea Bass Fillets, Tomatoes and Olives",G,true,1482,https://ecom-su-static-prod.wtrecom.com/images/products/3/LN_628292_BP_3.jpg,https://www.waitrose.com/ecom/products/waitrose-2-sea-bass-fillets-tomatoes-and-olives/628292-362359-362360,"Waitrose 2 Sea Bass Fillets, Tomatoes and Olives",320g,£6.18,£19.32/kg,25% Off. Was £8.25,Dietary & Lifestyle
894082,Charlie Bigham's Chilli Con Carne & Mexican Rice for 2,G,false,1483,https://ecom-su-static-prod.wtrecom.com/images/products/3/LN_894082_BP_3.jpg,https://www.waitrose.com/ecom/products/charlie-bighams-chilli-con-carne-mexican-rice-for-2/894082-337486-337487,Charlie Bigham's Chilli Con Carne & Mexican Rice for 2,840g,£9.50,£11.31/kg,,Dietary & Lifestyle
388435,Waitrose Extra Large King Prawns ASC,G,true,1484,https://ecom-su-static-prod.wtrecom.com/images/products/3/LN_388435_BP_3.jpg,https://www.waitrose.com/ecom/products/waitrose-extra-large-king-prawns-asc/388435-54604-54605,Waitrose Extra Large King Prawns ASC,220g,£5.43,£2.47/100g,25% Off. Was £7.25,Dietary & Lifestyle
040801,Jordans Organic Jumbo Porridge Oats,G,false,1485,https://ecom-su-static-prod.wtrecom.com/images/products/3/LN_040801_BP_3.jpg,https://www.waitrose.com/ecom/products/jordans-organic-jumbo-porridge-oats/040801-20154-20155,Jordans Organic Jumbo Porridge Oats,750g,£2.65,35.3p/100g,,Dietary & Lifestyle
814688,Flora Plant Salted Butter Alternative,G,false,1486,https://ecom-su-static-prod.wtrecom.com/images/products/3/LN_814688_BP_3.jpg,https://www.waitrose.com/ecom/products/flora-plant-salted-butter-alternative/814688-747882-747883,Flora Plant Salted Butter Alternative,200g,£1.85,£9.25/kg,,Dietary & Lifestyle
817062,"Higgidy Sweet Potato, Feta Pie, Pumpkin Seeds",G,false,1487,https://ecom-su-static-prod.wtrecom.com/images/products/3/LN_817062_BP_3.jpg,https://www.waitrose.com/ecom/products/higgidy-sweet-potato-feta-pie-pumpkin-seeds/817062-210242-210243,"Higgidy Sweet Potato, Feta Pie, Pumpkin Seeds",250g,£4.95,£1.98/100g,,Dietary & Lifestyle
622083,Waitrose Hot Smoked Scottish Salmon Slices,G,false,1488,https://ecom-su-static-prod.wtrecom.com/images/products/3/LN_622083_BP_3.jpg,https://www.waitrose.com/ecom/products/waitrose-hot-smoked-scottish-salmon-slices/622083-229905-229906,Waitrose Hot Smoked Scottish Salmon Slices,150g,£6.75,£4.50/100g,,Dietary & Lifestyle
010515,Jordans Country Crisp Chunky Nuts Cereal,G,true,1489,https://ecom-su-static-prod.wtrecom.com/images/products/3/LN_010515_BP_3.jpg,https://www.waitrose.com/ecom/products/jordans-country-crisp-chunky-nuts-cereal/010515-5248-5249,Jordans Country Crisp Chunky Nuts Cereal,500g,£2.50,50p/100g,save £1.30. Was £3.80,Dietary & Lifestyle
423056,Innocent Kids Apples & Blackcurrants Fruit Smoothies,G,false,1490,https://ecom-su-static-prod.wtrecom.com/images/products/3/LN_423056_BP_3.jpg,https://www.waitrose.com/ecom/products/innocent-kids-apples-blackcurrants-fruit-smoothies/423056-721811-721812,Innocent Kids Apples & Blackcurrants Fruit Smoothies,4x150ml,£3.80,63.3p/100ml,,Dietary & Lifestyle
744230,The Jolly Hog 6 Black Treacle Bacon Rashers,G,true,1491,https://ecom-su-static-prod.wtrecom.com/images/products/3/LN_744230_BP_3.jpg,https://www.waitrose.com/ecom/products/the-jolly-hog-6-black-treacle-bacon-rashers/744230-791943-791944,The Jolly Hog 6 Black Treacle Bacon Rashers,300g,£4.95,£16.50/kg,Add 3 for £12,Dietary & Lifestyle
036003,Alpro Chocolate Dairy Free Vegan Soya Dessert,G,false,1492,https://ecom-su-static-prod.wtrecom.com/images/products/3/LN_036003_BP_3.jpg,https://www.waitrose.com/ecom/products/alpro-chocolate-dairy-free-vegan-soya-dessert/036003-18080-18081,Alpro Chocolate Dairy Free Vegan Soya Dessert,4x125g,£2.10,42p/100g,,Dietary & Lifestyle
027344,Waitrose English Breakfast Loose Leaf Tea,G,false,1493,https://ecom-su-static-prod.wtrecom.com/images/products/3/LN_027344_BP_3.jpg,https://www.waitrose.com/ecom/products/waitrose-english-breakfast-loose-leaf-tea/027344-13295-13296,Waitrose English Breakfast Loose Leaf Tea,125g,£1.95,£1.56/100g,,Dietary & Lifestyle
582173,"Waitrose Carrot, Broccoli, Beans & Baby Corn",G,false,1494,https://ecom-su-static-prod.wtrecom.com/images/products/3/LN_582173_BP_3.jpg,https://www.waitrose.com/ecom/products/waitrose-carrot-broccoli-beans-baby-corn/582173-82527-82528,"Waitrose Carrot, Broccoli, Beans & Baby Corn",340g,£2.55,75p/100g,,Dietary & Lifestyle
712504,No.1 Free Range Corn Fed Diced Chicken Breast Fillets,G,false,1495,https://ecom-su-static-prod.wtrecom.com/images/products/3/LN_712504_BP_3.jpg,https://www.waitrose.com/ecom/products/no1-free-range-corn-fed-diced-chicken-breast-fillets/712504-661921-661922,No.1 Free Range Corn Fed Diced Chicken Breast Fillets,300g,£5.50,£18.34/kg,,Dietary & Lifestyle
408652,Rude Health Hazelnut Long Life Organic Milk Alternative,G,true,1496,https://ecom-su-static-prod.wtrecom.com/images/products/3/LN_408652_BP_3.jpg,https://www.waitrose.com/ecom/products/rude-health-hazelnut-long-life-organic-milk-alternative/408652-558155-558156,Rude Health Hazelnut Long Life Organic Milk Alternative,1litre,£2.50,£2.50/litre,Add 2 for £3.80,Dietary & Lifestyle
822426,Pip & Nut Smooth Peanut Butter,G,false,1497,https://ecom-su-static-prod.wtrecom.com/images/products/3/LN_822426_BP_3.jpg,https://www.waitrose.com/ecom/products/pip-nut-smooth-peanut-butter/822426-785818-785819,Pip & Nut Smooth Peanut Butter,300g,£3.25,£1.09/100g,,Dietary & Lifestyle
031544,Waitrose Duchy Organic Dried Mango,G,false,1498,https://ecom-su-static-prod.wtrecom.com/images/products/3/LN_031544_BP_3.jpg,https://www.waitrose.com/ecom/products/waitrose-duchy-organic-dried-mango/031544-15365-15366,Waitrose Duchy Organic Dried Mango,150g,£4.50,£30/kg,,Dietary & Lifestyle
505099,Vadasz Raw Garlic & Dill Sauerkraut,G,true,1499,https://ecom-su-static-prod.wtrecom.com/images/products/3/LN_505099_BP_3.jpg,https://www.waitrose.com/ecom/products/vadasz-raw-garlic-dill-sauerkraut/505099-707414-707415,Vadasz Raw Garlic & Dill Sauerkraut,400g,£3.56,89p/100g,25% Off. Was £4.75,Dietary & Lifestyle
053634,Easy To Cook Whole Deboned Chicken & Tomato,G,false,1500,https://ecom-su-static-prod.wtrecom.com/images/products/3/LN_053634_BP_3.jpg,https://www.waitrose.com/ecom/products/easy-to-cook-whole-deboned-chicken-tomato/053634-26875-26876,Easy To Cook Whole Deboned Chicken & Tomato,650g,£9.95,£15.31/kg,,Dietary & Lifestyle
733700,Alpro Oat Milk Long Life Dairy Free Original Milk Alternative,G,true,1501,https://ecom-su-static-prod.wtrecom.com/images/products/3/LN_733700_BP_3.jpg,https://www.waitrose.com/ecom/products/alpro-oat-milk-long-life-dairy-free-original-milk-alternative/733700-311314-311315,Alpro Oat Milk Long Life Dairy Free Original Milk Alternative,1litre,£1.50,£1.50/litre,save 70p. Was £2.20,Dietary & Lifestyle
722067,Fix 8 Kombucha Strawberry Basil,G,false,1502,https://ecom-su-static-prod.wtrecom.com/images/products/3/LN_722067_BP_3.jpg,https://www.waitrose.com/ecom/products/fix-8-kombucha-strawberry-basil/722067-791865-791866,Fix 8 Kombucha Strawberry Basil,4x250ml,£5.50,55p/100ml,,Dietary & Lifestyle
673399,Waitrose Morello Cherry Pie,G,false,1503,https://ecom-su-static-prod.wtrecom.com/images/products/3/LN_673399_BP_3.jpg,https://www.waitrose.com/ecom/products/waitrose-morello-cherry-pie/673399-460173-460174,Waitrose Morello Cherry Pie,550g,£4.00,72.7p/100g,,Dietary & Lifestyle
373645,Genius Gluten Free Triple Seeded Farmhouse Loaf,G,false,1504,https://ecom-su-static-prod.wtrecom.com/images/products/3/LN_373645_BP_3.jpg,https://www.waitrose.com/ecom/products/genius-gluten-free-triple-seeded-farmhouse-loaf/373645-143390-143391,Genius Gluten Free Triple Seeded Farmhouse Loaf,430g,£2.90,67.4p/100g,,Dietary & Lifestyle
401853,Moma Oat Milk Unsweetened Dairy Free Original Milk Alternative,G,false,1505,https://ecom-su-static-prod.wtrecom.com/images/products/3/LN_401853_BP_3.jpg,https://www.waitrose.com/ecom/products/moma-oat-milk-unsweetened-dairy-free-original-milk-alternative/401853-731535-731536,Moma Oat Milk Unsweetened Dairy Free Original Milk Alternative,1litre,£1.90,£1.90/litre,,Dietary & Lifestyle
746478,Lily's Kitchen Cottage Pie Wet Food for Dogs,G,true,1506,https://ecom-su-static-prod.wtrecom.com/images/products/3/LN_746478_BP_3.jpg,https://www.waitrose.com/ecom/products/lilys-kitchen-cottage-pie-wet-food-for-dogs/746478-216055-216056,Lily's Kitchen Cottage Pie Wet Food for Dogs,400g,£2.50,£6.25/kg,25% Off. Was £3.35,Dietary & Lifestyle
507388,Kallo Veggie Cakes Beetroot,G,true,1507,https://ecom-su-static-prod.wtrecom.com/images/products/3/LN_507388_BP_3.jpg,https://www.waitrose.com/ecom/products/kallo-veggie-cakes-beetroot/507388-728196-728197,Kallo Veggie Cakes Beetroot,122g,£2.25,£1.85/100g,save 65p. Was £2.90,Dietary & Lifestyle
470802,Yorkshire Provender Chicken & Lentil Soup,G,true,1508,https://ecom-su-static-prod.wtrecom.com/images/products/3/LN_470802_BP_3.jpg,https://www.waitrose.com/ecom/products/yorkshire-provender-chicken-lentil-soup/470802-275638-275639,Yorkshire Provender Chicken & Lentil Soup,560g,£2.65,47.3p/100g,save 55p. Was £3.20,Dietary & Lifestyle
023841,Cafédirect FT Machu Picchu Instant Coffee,G,false,1509,https://ecom-su-static-prod.wtrecom.com/images/products/3/LN_023841_BP_3.jpg,https://www.waitrose.com/ecom/products/cafedirect-ft-machu-picchu-instant-coffee/023841-11572-11573,Cafédirect FT Machu Picchu Instant Coffee,100g,£4.50,£4.50/100g,,Dietary & Lifestyle
051965,No.1 Apple Danish Tart,G,true,1510,https://ecom-su-static-prod.wtrecom.com/images/products/3/LN_051965_BP_3.jpg,https://www.waitrose.com/ecom/products/no1-apple-danish-tart/051965-25868-25869,No.1 Apple Danish Tart,520g,£4.87,93.7p/100g,25% Off. Was £6.50,Dietary & Lifestyle
756704,Charlie Bigham's Chicken and Prawn Paella for 2,G,false,1511,https://ecom-su-static-prod.wtrecom.com/images/products/3/LN_756704_BP_3.jpg,https://www.waitrose.com/ecom/products/charlie-bighams-chicken-and-prawn-paella-for-2/756704-781125-781126,Charlie Bigham's Chicken and Prawn Paella for 2,800g,£9.95,£1.25/100g,,Dietary & Lifestyle
584073,The Spice Tailor Coconut Curry,G,true,1512,https://ecom-su-static-prod.wtrecom.com/images/products/3/LN_584073_BP_3.jpg,https://www.waitrose.com/ecom/products/the-spice-tailor-coconut-curry/584073-140264-140265,The Spice Tailor Coconut Curry,225g,£3.75,£1.67/100g,Add 2 for £5,Dietary & Lifestyle
032815,"Ridgeview Bloomsbury West Sussex, England",W,false,1513,https://ecom-su-static-prod.wtrecom.com/images/products/3/LN_032815_BP_3.jpg,https://www.waitrose.com/ecom/products/ridgeview-bloomsbury-west-sussex-england/032815-16053-16054,"Ridgeview Bloomsbury West Sussex, England",75cl,£34.99,£34.99/75cl,,Dietary & Lifestyle
807165,Waitrose Sticky Toffee Puddings,G,false,1514,https://ecom-su-static-prod.wtrecom.com/images/products/3/LN_807165_BP_3.jpg,https://www.waitrose.com/ecom/products/waitrose-sticky-toffee-puddings/807165-691956-691957,Waitrose Sticky Toffee Puddings,2x115g,£2.95,£1.29/100g,,Dietary & Lifestyle
035324,Tilda Fragrant Jasmine Rice,G,true,1515,https://ecom-su-static-prod.wtrecom.com/images/products/3/LN_035324_BP_3.jpg,https://www.waitrose.com/ecom/products/tilda-fragrant-jasmine-rice/035324-17795-17796,Tilda Fragrant Jasmine Rice,500g,£2.50,£5/kg,save 65p. Was £3.15,Dietary & Lifestyle
598885,Pieminister Moo Pie,G,true,1516,https://ecom-su-static-prod.wtrecom.com/images/products/3/LN_598885_BP_3.jpg,https://www.waitrose.com/ecom/products/pieminister-moo-pie/598885-84902-84903,Pieminister Moo Pie,270g,£4.70,£1.75/100g,Add 2 for £7.50,Dietary & Lifestyle
020535,Essential Granny Smith Apple Slices,G,false,1517,https://ecom-su-static-prod.wtrecom.com/images/products/3/LN_020535_BP_3.jpg,https://www.waitrose.com/ecom/products/essential-granny-smith-apple-slices/020535-10009-10010,Essential Granny Smith Apple Slices,385g,£1.20,£3.12/kg,,Dietary & Lifestyle
653735,Cooks' Ingredients Turmeric,G,false,1518,https://ecom-su-static-prod.wtrecom.com/images/products/3/LN_653735_BP_3.jpg,https://www.waitrose.com/ecom/products/cooks-ingredients-turmeric/653735-502775-502776,Cooks' Ingredients Turmeric,100g,£1.70,17p/10g,,Dietary & Lifestyle
695676,Waitrose Mediterranean Chargrilled Vegetables,G,true,1519,https://ecom-su-static-prod.wtrecom.com/images/products/3/LN_695676_BP_3.jpg,https://www.waitrose.com/ecom/products/waitrose-mediterranean-chargrilled-vegetables/695676-421833-421834,Waitrose Mediterranean Chargrilled Vegetables,160g,£4.00,£2.50/100g,Add 2 for £5.50,Dietary & Lifestyle
551725,Ella's Kitchen Puree Pears,G,true,1520,https://ecom-su-static-prod.wtrecom.com/images/products/3/LN_551725_BP_3.jpg,https://www.waitrose.com/ecom/products/ellas-kitchen-puree-pears/551725-136367-136368,Ella's Kitchen Puree Pears,70g,£1.00,£1.43/100g,Add 5 for £4.50,Dietary & Lifestyle
670194,Waitrose Light Brown Soft Sugar,G,false,1521,https://ecom-su-static-prod.wtrecom.com/images/products/3/LN_670194_BP_3.jpg,https://www.waitrose.com/ecom/products/waitrose-light-brown-soft-sugar/670194-260838-260839,Waitrose Light Brown Soft Sugar,1kg,£3.50,£3.50/kg,,Dietary & Lifestyle
577429,Lily's Kitchen Sunday Lunch Wet Food for Dogs,G,true,1522,https://ecom-su-static-prod.wtrecom.com/images/products/3/LN_577429_BP_3.jpg,https://www.waitrose.com/ecom/products/lilys-kitchen-sunday-lunch-wet-food-for-dogs/577429-509299-509300,Lily's Kitchen Sunday Lunch Wet Food for Dogs,400g,£2.50,£6.25/kg,25% Off. Was £3.35,Dietary & Lifestyle
370488,Rude Health Spelt Flakes,G,false,1523,https://ecom-su-static-prod.wtrecom.com/images/products/3/LN_370488_BP_3.jpg,https://www.waitrose.com/ecom/products/rude-health-spelt-flakes/370488-170163-170164,Rude Health Spelt Flakes,300g,£3.15,£1.05/100g,,Dietary & Lifestyle
533572,Ella's Kitchen Puree Apples,G,true,1524,https://ecom-su-static-prod.wtrecom.com/images/products/3/LN_533572_BP_3.jpg,https://www.waitrose.com/ecom/products/ellas-kitchen-puree-apples/533572-136353-136354,Ella's Kitchen Puree Apples,70g,£1.00,£1.43/100g,Add 5 for £4.50,Dietary & Lifestyle
006811,Waitrose Blanched Hazelnuts,G,false,1525,https://ecom-su-static-prod.wtrecom.com/images/products/3/LN_006811_BP_3.jpg,https://www.waitrose.com/ecom/products/waitrose-blanched-hazelnuts/006811-3057-3058,Waitrose Blanched Hazelnuts,100g,£2.25,£2.25/100g,,Dietary & Lifestyle
507610,Heinz Salad Cream 30% Less Fat,G,true,1526,https://ecom-su-static-prod.wtrecom.com/images/products/3/LN_507610_BP_3.jpg,https://www.waitrose.com/ecom/products/heinz-salad-cream-30-less-fat/507610-408576-408577,Heinz Salad Cream 30% Less Fat,415g,£2.50,60.2p/100g,save 50p. Was £3.00,Dietary & Lifestyle
085487,Waitrose Globe Artichoke,G,false,1527,https://ecom-su-static-prod.wtrecom.com/images/products/3/LN_085487_BP_3.jpg,https://www.waitrose.com/ecom/products/waitrose-globe-artichoke/085487-43558-43559,Waitrose Globe Artichoke,Each,£2.00,£2 each,,Dietary & Lifestyle
809986,Kiddylicious 4 Veggie Straws,G,false,1528,https://ecom-su-static-prod.wtrecom.com/images/products/3/LN_809986_BP_3.jpg,https://www.waitrose.com/ecom/products/kiddylicious-4-veggie-straws/809986-690512-690513,Kiddylicious 4 Veggie Straws,48g,£2.80,£58.34/kg,,Dietary & Lifestyle
546288,itsu Vegetable Fusion Gyoza 20s,G,true,1529,https://ecom-su-static-prod.wtrecom.com/images/products/3/LN_546288_BP_3.jpg,https://www.waitrose.com/ecom/products/itsu-vegetable-fusion-gyoza-20s/546288-575550-575551,itsu Vegetable Fusion Gyoza 20s,270g,£3.55,£13.15/kg,20% Off. Was £4.45,Dietary & Lifestyle
656204,Ella's Kitchen Puree Mangoes,G,true,1530,https://ecom-su-static-prod.wtrecom.com/images/products/3/LN_656204_BP_3.jpg,https://www.waitrose.com/ecom/products/ellas-kitchen-puree-mangoes/656204-136427-136428,Ella's Kitchen Puree Mangoes,70g,£1.00,£1.43/100g,Add 5 for £4.50,Dietary & Lifestyle
530361,Jus-Rol Gluten Free Puff Pastry Sheet,G,false,1531,https://ecom-su-static-prod.wtrecom.com/images/products/3/LN_530361_BP_3.jpg,https://www.waitrose.com/ecom/products/jus-rol-gluten-free-puff-pastry-sheet/530361-664917-664918,Jus-Rol Gluten Free Puff Pastry Sheet,280g,£2.45,£8.75/kg,,Dietary & Lifestyle
628618,Vadasz Super-Beet Kimchi,G,true,1532,https://ecom-su-static-prod.wtrecom.com/images/products/3/LN_628618_BP_3.jpg,https://www.waitrose.com/ecom/products/vadasz-super-beet-kimchi/628618-771195-771196,Vadasz Super-Beet Kimchi,400g,£3.56,89p/100g,25% Off. Was £4.75,Dietary & Lifestyle
439910,Waitrose Goat's Cheese & Red Onion Fiorelli,G,false,1533,https://ecom-su-static-prod.wtrecom.com/images/products/3/LN_439910_BP_3.jpg,https://www.waitrose.com/ecom/products/waitrose-goats-cheese-red-onion-fiorelli/439910-793212-793213,Waitrose Goat's Cheese & Red Onion Fiorelli,250g,£3.60,£1.44/100g,,Dietary & Lifestyle
405662,The Collective Gourmet Morello Cherry Yogurt,G,true,1534,https://ecom-su-static-prod.wtrecom.com/images/products/3/LN_405662_BP_3.jpg,https://www.waitrose.com/ecom/products/the-collective-gourmet-morello-cherry-yogurt/405662-586366-586367,The Collective Gourmet Morello Cherry Yogurt,425g,£2.00,47.1p/100g,save £1.10. Was £3.10,Dietary & Lifestyle
497939,Alpro Coconut Long Life Dairy Free Milk Alternative,G,true,1535,https://ecom-su-static-prod.wtrecom.com/images/products/3/LN_497939_BP_3.jpg,https://www.waitrose.com/ecom/products/alpro-coconut-long-life-dairy-free-milk-alternative/497939-344080-344081,Alpro Coconut Long Life Dairy Free Milk Alternative,1litre,£1.50,£1.50/litre,save 70p. Was £2.20,Dietary & Lifestyle
482955,Nush Almond Vegan Soft Cheese Alternative,G,false,1536,https://ecom-su-static-prod.wtrecom.com/images/products/3/LN_482955_BP_3.jpg,https://www.waitrose.com/ecom/products/nush-almond-vegan-soft-cheese-alternative/482955-724459-724460,Nush Almond Vegan Soft Cheese Alternative,150g,£2.90,£19.34/kg,,Dietary & Lifestyle
684381,Linda McCartney's Vegan Lincolnshire Sausages,G,false,1537,https://ecom-su-static-prod.wtrecom.com/images/products/3/LN_684381_BP_3.jpg,https://www.waitrose.com/ecom/products/linda-mccartneys-vegan-lincolnshire-sausages/684381-693824-693825,Linda McCartney's Vegan Lincolnshire Sausages,270g,£2.65,£9.82/kg,,Dietary & Lifestyle
824344,Alpro Original Chilled Dairy Free Almond Milk Drink,G,false,1538,https://ecom-su-static-prod.wtrecom.com/images/products/3/LN_824344_BP_3.jpg,https://www.waitrose.com/ecom/products/alpro-original-chilled-dairy-free-almond-milk-drink/824344-166791-166792,Alpro Original Chilled Dairy Free Almond Milk Drink,1litre,£2.10,£2.10/litre,,Dietary & Lifestyle
738066,Organix Mini Raisins Fruit Snack Boxes,G,true,1539,https://ecom-su-static-prod.wtrecom.com/images/products/3/LN_738066_BP_3.jpg,https://www.waitrose.com/ecom/products/organix-mini-raisins-fruit-snack-boxes/738066-489827-489828,Organix Mini Raisins Fruit Snack Boxes,168g,£2.95,£1.76/100g,Add 2 for £5,Dietary & Lifestyle
834610,Kikkoman Gluten Free Soy Sauce,G,false,1540,https://ecom-su-static-prod.wtrecom.com/images/products/3/LN_834610_BP_3.jpg,https://www.waitrose.com/ecom/products/kikkoman-gluten-free-soy-sauce/834610-450743-450744,Kikkoman Gluten Free Soy Sauce,250ml,£3.15,£1.26/100ml,,Dietary & Lifestyle
016810,Waitrose Gold Colombian Instant Coffee,G,false,1541,https://ecom-su-static-prod.wtrecom.com/images/products/3/LN_016810_BP_3.jpg,https://www.waitrose.com/ecom/products/waitrose-gold-colombian-instant-coffee/016810-8095-8096,Waitrose Gold Colombian Instant Coffee,100g,£4.00,£4/100g,,Dietary & Lifestyle
434922,Graze Smokey BBQ Crunch,G,false,1542,https://ecom-su-static-prod.wtrecom.com/images/products/3/LN_434922_BP_3.jpg,https://www.waitrose.com/ecom/products/graze-smokey-bbq-crunch/434922-511742-511743,Graze Smokey BBQ Crunch,100g,£2.65,£2.65/100g,,Dietary & Lifestyle
812821,Cooks' Ingredients Belgian Milk Chocolate,G,false,1543,https://ecom-su-static-prod.wtrecom.com/images/products/3/LN_812821_BP_3.jpg,https://www.waitrose.com/ecom/products/cooks-ingredients-belgian-milk-chocolate/812821-752669-752670,Cooks' Ingredients Belgian Milk Chocolate,180g,£2.00,£11.12/kg,,Dietary & Lifestyle
458823,The Spice Tailor Butter Chicken,G,true,1544,https://ecom-su-static-prod.wtrecom.com/images/products/3/LN_458823_BP_3.jpg,https://www.waitrose.com/ecom/products/the-spice-tailor-butter-chicken/458823-408514-408515,The Spice Tailor Butter Chicken,300g,£3.75,£1.25/100g,Add 2 for £5,Dietary & Lifestyle
818257,Pieminister Free Ranger Pie,G,true,1545,https://ecom-su-static-prod.wtrecom.com/images/products/3/LN_818257_BP_3.jpg,https://www.waitrose.com/ecom/products/pieminister-free-ranger-pie/818257-220318-220319,Pieminister Free Ranger Pie,270g,£4.70,£1.75/100g,Add 2 for £7.50,Dietary & Lifestyle
764484,Waitrose LoveLife Frozen Berry Smoothie Mix,G,false,1546,https://ecom-su-static-prod.wtrecom.com/images/products/3/LN_764484_BP_3.jpg,https://www.waitrose.com/ecom/products/waitrose-lovelife-frozen-berry-smoothie-mix/764484-138151-138152,Waitrose LoveLife Frozen Berry Smoothie Mix,480g,£2.65,55.2p/100g,,Dietary & Lifestyle
689029,Birra Moretti Zero Alcohol Free Lager Beer Bottle 4PK,G,false,1547,https://ecom-su-static-prod.wtrecom.com/images/products/3/LN_689029_BP_3.jpg,https://www.waitrose.com/ecom/products/birra-moretti-zero-alcohol-free-lager-beer-bottle-4pk/689029-767033-767034,Birra Moretti Zero Alcohol Free Lager Beer Bottle 4PK,4x330ml,£5.50,£4.17/litre,,Dietary & Lifestyle
026350,Lizis Organic Granola,G,true,1548,https://ecom-su-static-prod.wtrecom.com/images/products/3/LN_026350_BP_3.jpg,https://www.waitrose.com/ecom/products/lizis-organic-granola/026350-12821-12822,Lizis Organic Granola,350g,£2.65,75.7p/100g,Save 1/3. Was £4.20,Dietary & Lifestyle
532536,Rodda's Classic Cornish Clotted Cream Small,G,false,1549,https://ecom-su-static-prod.wtrecom.com/images/products/3/LN_532536_BP_3.jpg,https://www.waitrose.com/ecom/products/roddas-classic-cornish-clotted-cream-small/532536-683945-683946,Rodda's Classic Cornish Clotted Cream Small,113g,£2.00,£1.77/100g,,Dietary & Lifestyle
016429,No.1 Kenya AA Ground Coffee,G,false,1550,https://ecom-su-static-prod.wtrecom.com/images/products/3/LN_016429_BP_3.jpg,https://www.waitrose.com/ecom/products/no1-kenya-aa-ground-coffee/016429-7868-7869,No.1 Kenya AA Ground Coffee,227g,£4.00,£1.77/100g,,Dietary & Lifestyle
885829,Quaker Jumbo Porridge Oats,G,true,1551,https://ecom-su-static-prod.wtrecom.com/images/products/3/LN_885829_BP_3.jpg,https://www.waitrose.com/ecom/products/quaker-jumbo-porridge-oats/885829-151693-151694,Quaker Jumbo Porridge Oats,1kg,£3.10,31p/100g,Add 2 for £4,Dietary & Lifestyle
898863,Waitrose St Clements Hot Cross Buns,G,false,1552,https://ecom-su-static-prod.wtrecom.com/images/products/3/LN_898863_BP_3.jpg,https://www.waitrose.com/ecom/products/waitrose-st-clements-hot-cross-buns/898863-679805-679806,Waitrose St Clements Hot Cross Buns,4s,£1.95,48.8p each,,Dietary & Lifestyle
057339,Waitrose Gold Loose Leaf Tea,G,false,1553,https://ecom-su-static-prod.wtrecom.com/images/products/3/LN_057339_BP_3.jpg,https://www.waitrose.com/ecom/products/waitrose-gold-loose-leaf-tea/057339-28843-28844,Waitrose Gold Loose Leaf Tea,250g,£2.15,86p/100g,,Dietary & Lifestyle
461685,Schär Gluten Free Crispbread,G,false,1554,https://ecom-su-static-prod.wtrecom.com/images/products/3/LN_461685_BP_3.jpg,https://www.waitrose.com/ecom/products/schar-gluten-free-crispbread/461685-600546-600547,Schär Gluten Free Crispbread,150g,£1.75,£1.17/100g,,Dietary & Lifestyle
627730,Bio-tiful Dairy Natural Kefir Drink,G,true,1555,https://ecom-su-static-prod.wtrecom.com/images/products/3/LN_627730_BP_3.jpg,https://www.waitrose.com/ecom/products/bio-tiful-dairy-natural-kefir-drink/627730-601736-601737,Bio-tiful Dairy Natural Kefir Drink,250ml,£1.75,70p/100ml,"£5 Food to Go Meal Deal: Add 1 Main, 1 Snack and 1 Drink",Dietary & Lifestyle
617017,No.1 Peru Dark Chocolate 80%,G,false,1556,https://ecom-su-static-prod.wtrecom.com/images/products/3/LN_617017_BP_3.jpg,https://www.waitrose.com/ecom/products/no1-peru-dark-chocolate-80/617017-706928-706929,No.1 Peru Dark Chocolate 80%,100g,£2.25,£2.25/100g,,Dietary & Lifestyle
396003,Waitrose Red Chilli & Tomato Pesto,G,false,1557,https://ecom-su-static-prod.wtrecom.com/images/products/3/LN_396003_BP_3.jpg,https://www.waitrose.com/ecom/products/waitrose-red-chilli-tomato-pesto/396003-211598-211599,Waitrose Red Chilli & Tomato Pesto,145g,£2.75,£1.90/100g,,Dietary & Lifestyle
691651,Heinz Salad Cream 70% Less Fat,G,true,1558,https://ecom-su-static-prod.wtrecom.com/images/products/3/LN_691651_BP_3.jpg,https://www.waitrose.com/ecom/products/heinz-salad-cream-70-less-fat/691651-408754-408755,Heinz Salad Cream 70% Less Fat,415g,£2.50,60.2p/100g,save 50p. Was £3.00,Dietary & Lifestyle
870222,Pipers Anglesey Sea Salt Sharing Crisps,G,false,1559,https://ecom-su-static-prod.wtrecom.com/images/products/3/LN_870222_BP_3.jpg,https://www.waitrose.com/ecom/products/pipers-anglesey-sea-salt-sharing-crisps/870222-742176-742177,Pipers Anglesey Sea Salt Sharing Crisps,150g,£3.00,£2/100g,,Dietary & Lifestyle
637435,Clipper Organic Fairtrade Pure Green Tea Bags 80s,G,false,1560,https://ecom-su-static-prod.wtrecom.com/images/products/3/LN_637435_BP_3.jpg,https://www.waitrose.com/ecom/products/clipper-organic-fairtrade-pure-green-tea-bags-80s/637435-600716-600717,Clipper Organic Fairtrade Pure Green Tea Bags 80s,160g,£4.40,£2.75/100g,,Dietary & Lifestyle
532745,Leffe Blonde 0.0% Abbey Ale Belguim,G,true,1561,https://ecom-su-static-prod.wtrecom.com/images/products/3/LN_532745_BP_3.jpg,https://www.waitrose.com/ecom/products/leffe-blonde-00-abbey-ale-belguim/532745-793424-793425,Leffe Blonde 0.0% Abbey Ale Belguim,6x250ml,£4.00,£2.67/litre,save 75p. Was £4.75,Dietary & Lifestyle
626203,Awfully Posh Salt Pork Crackling,G,true,1562,https://ecom-su-static-prod.wtrecom.com/images/products/3/LN_626203_BP_3.jpg,https://www.waitrose.com/ecom/products/awfully-posh-salt-pork-crackling/626203-236260-236261,Awfully Posh Salt Pork Crackling,40g,£1.50,£3.75/100g,save 25p. Was £1.75,Dietary & Lifestyle
487030,Ella's Kitchen Strawberries & Apple,G,false,1563,https://ecom-su-static-prod.wtrecom.com/images/products/3/LN_487030_BP_3.jpg,https://www.waitrose.com/ecom/products/ellas-kitchen-strawberries-apple/487030-68799-68800,Ella's Kitchen Strawberries & Apple,120g,£1.35,£1.13/100g,,Dietary & Lifestyle
043912,Nestlé Shredded Wheat Honey & Nut,G,false,1564,https://ecom-su-static-prod.wtrecom.com/images/products/3/LN_043912_BP_3.jpg,https://www.waitrose.com/ecom/products/nestle-shredded-wheat-honey-nut/043912-21645-21646,Nestlé Shredded Wheat Honey & Nut,500g,£3.70,74p/100g,,Dietary & Lifestyle
029133,Heinz Classic Lentil Soup,G,true,1565,https://ecom-su-static-prod.wtrecom.com/images/products/3/LN_029133_BP_3.jpg,https://www.waitrose.com/ecom/products/heinz-classic-lentil-soup/029133-14199-14200,Heinz Classic Lentil Soup,400g,£1.75,43.8p/100g,Add 3 for £4.50,Dietary & Lifestyle
676959,Alpro Barista Coconut Long Life Dairy Free Milk Alternative,G,false,1566,https://ecom-su-static-prod.wtrecom.com/images/products/3/LN_676959_BP_3.jpg,https://www.waitrose.com/ecom/products/alpro-barista-coconut-long-life-dairy-free-milk-alternative/676959-759554-759555,Alpro Barista Coconut Long Life Dairy Free Milk Alternative,1litre,£2.10,£2.10/litre,,Dietary & Lifestyle
683473,Whole Earth Smooth Organic Peanut Butter,G,false,1567,https://ecom-su-static-prod.wtrecom.com/images/products/3/LN_683473_BP_3.jpg,https://www.waitrose.com/ecom/products/whole-earth-smooth-organic-peanut-butter/683473-97084-97085,Whole Earth Smooth Organic Peanut Butter,340g,£3.80,£1.12/100g,,Dietary & Lifestyle
010319,Jordans Frusli Raisins & Hazelnut Cereal Bars,G,true,1568,https://ecom-su-static-prod.wtrecom.com/images/products/3/LN_010319_BP_3.jpg,https://www.waitrose.com/ecom/products/jordans-frusli-raisins-hazelnut-cereal-bars/010319-5148-5149,Jordans Frusli Raisins & Hazelnut Cereal Bars,6x30g,£1.50,83.3p/100g,save 90p. Was £2.40,Dietary & Lifestyle
498990,Higgidy Cauliflower Cheese & Broccoli Pie 250g,G,false,1569,https://ecom-su-static-prod.wtrecom.com/images/products/3/LN_498990_BP_3.jpg,https://www.waitrose.com/ecom/products/higgidy-cauliflower-cheese-broccoli-pie-250g/498990-414490-414491,Higgidy Cauliflower Cheese & Broccoli Pie 250g,250g,£4.95,£1.98/100g,,Dietary & Lifestyle
756858,Magnum Vegan Classic Ice Cream Stick,G,true,1570,https://ecom-su-static-prod.wtrecom.com/images/products/3/LN_756858_BP_3.jpg,https://www.waitrose.com/ecom/products/magnum-vegan-classic-ice-cream-stick/756858-683216-683217,Magnum Vegan Classic Ice Cream Stick,3x90ml,£4.20,£1.56/100ml,Add 2 for £6,Dietary & Lifestyle
834952,Birds Eye 18 Cod Fish Fingers,G,false,1571,https://ecom-su-static-prod.wtrecom.com/images/products/3/LN_834952_BP_3.jpg,https://www.waitrose.com/ecom/products/birds-eye-18-cod-fish-fingers/834952-493272-493273,Birds Eye 18 Cod Fish Fingers,504g,£6.30,£12.50/kg,,Dietary & Lifestyle
416689,The Collective Gourmet Passionfruit Yogurt,G,true,1572,https://ecom-su-static-prod.wtrecom.com/images/products/3/LN_416689_BP_3.jpg,https://www.waitrose.com/ecom/products/the-collective-gourmet-passionfruit-yogurt/416689-138358-138359,The Collective Gourmet Passionfruit Yogurt,425g,£2.00,47.1p/100g,save £1.10. Was £3.10,Dietary & Lifestyle
724060,Waitrose Seedless Satsumas,G,true,1573,https://ecom-su-static-prod.wtrecom.com/images/products/3/LN_724060_BP_3.jpg,https://www.waitrose.com/ecom/products/waitrose-seedless-satsumas/724060-679597-679598,Waitrose Seedless Satsumas,700g,£2.50,£3.58/kg,Add 2 for £4,Dietary & Lifestyle
027340,Waitrose Assam Loose Leaf Tea,G,false,1574,https://ecom-su-static-prod.wtrecom.com/images/products/3/LN_027340_BP_3.jpg,https://www.waitrose.com/ecom/products/waitrose-assam-loose-leaf-tea/027340-13287-13288,Waitrose Assam Loose Leaf Tea,125g,£1.95,£1.56/100g,,Dietary & Lifestyle
878478,No.1 Extra Large Black Tiger Prawns,G,false,1575,https://ecom-su-static-prod.wtrecom.com/images/products/3/LN_878478_BP_3.jpg,https://www.waitrose.com/ecom/products/no1-extra-large-black-tiger-prawns/878478-503019-503020,No.1 Extra Large Black Tiger Prawns,140g,£5.50,£3.93/100g,,Dietary & Lifestyle
606279,Whole Earth Crunchy Organic Peanut Butter,G,false,1576,https://ecom-su-static-prod.wtrecom.com/images/products/3/LN_606279_BP_3.jpg,https://www.waitrose.com/ecom/products/whole-earth-crunchy-organic-peanut-butter/606279-86009-86010,Whole Earth Crunchy Organic Peanut Butter,340g,£3.80,£1.12/100g,,Dietary & Lifestyle
640624,Dorset Cereals Organic Muesli Cereal,G,false,1577,https://ecom-su-static-prod.wtrecom.com/images/products/3/LN_640624_BP_3.jpg,https://www.waitrose.com/ecom/products/dorset-cereals-organic-muesli-cereal/640624-585603-585604,Dorset Cereals Organic Muesli Cereal,600g,£4.20,70p/100g,,Dietary & Lifestyle
829214,Crosta & Mollica Basilico Pasta Sauce,G,false,1578,https://ecom-su-static-prod.wtrecom.com/images/products/3/LN_829214_BP_3.jpg,https://www.waitrose.com/ecom/products/crosta-mollica-basilico-pasta-sauce/829214-785182-785183,Crosta & Mollica Basilico Pasta Sauce,340g,£3.00,88.2p/100g,,Dietary & Lifestyle
438046,Old El Paso 6 Gluten Free Tortillas,G,false,1579,https://ecom-su-static-prod.wtrecom.com/images/products/3/LN_438046_BP_3.jpg,https://www.waitrose.com/ecom/products/old-el-paso-6-gluten-free-tortillas/438046-721831-721832,Old El Paso 6 Gluten Free Tortillas,216g,£3.15,£1.46/100g,,Dietary & Lifestyle
490191,Mr Organic Italian Organic Chopped Tomatoes,G,false,1580,https://ecom-su-static-prod.wtrecom.com/images/products/3/LN_490191_BP_3.jpg,https://www.waitrose.com/ecom/products/mr-organic-italian-organic-chopped-tomatoes/490191-730658-730659,Mr Organic Italian Organic Chopped Tomatoes,4x400g,£5.80,£3.63/kg,,Dietary & Lifestyle
535422,Waitrose Fruit & Nut Mix,G,false,1581,https://ecom-su-static-prod.wtrecom.com/images/products/3/LN_535422_BP_3.jpg,https://www.waitrose.com/ecom/products/waitrose-fruit-nut-mix/535422-491979-491980,Waitrose Fruit & Nut Mix,250g,£3.00,£1.20/100g,,Dietary & Lifestyle
841103,Rude Health Bircher Muesli 375g,G,false,1582,https://ecom-su-static-prod.wtrecom.com/images/products/3/LN_841103_BP_3.jpg,https://www.waitrose.com/ecom/products/rude-health-bircher-muesli-375g/841103-742032-742033,Rude Health Bircher Muesli 375g,375g,£3.00,80p/100g,,Dietary & Lifestyle
709992,"Waitrose Lemon, Garlic & Parsley King Prawns",G,true,1583,https://ecom-su-static-prod.wtrecom.com/images/products/3/LN_709992_BP_3.jpg,https://www.waitrose.com/ecom/products/waitrose-lemon-garlic-parsley-king-prawns/709992-538851-538852,"Waitrose Lemon, Garlic & Parsley King Prawns",150g,£3.37,£2.25/100g,25% Off. Was £4.50,Dietary & Lifestyle
688623,Nairn's Gluten Free Wholegrain Crackers,G,false,1584,https://ecom-su-static-prod.wtrecom.com/images/products/3/LN_688623_BP_3.jpg,https://www.waitrose.com/ecom/products/nairns-gluten-free-wholegrain-crackers/688623-450582-450583,Nairn's Gluten Free Wholegrain Crackers,160g,£2.10,£1.32/100g,,Dietary & Lifestyle
602760,Rude Health Oat Milk Chilled Dairy Free Milk Alternative,G,false,1585,https://ecom-su-static-prod.wtrecom.com/images/products/3/LN_602760_BP_3.jpg,https://www.waitrose.com/ecom/products/rude-health-oat-milk-chilled-dairy-free-milk-alternative/602760-601722-601723,Rude Health Oat Milk Chilled Dairy Free Milk Alternative,1litre,£2.30,£2.30/litre,,Dietary & Lifestyle
080694,No.1 Free Range Pork Fillet,G,false,1586,https://ecom-su-static-prod.wtrecom.com/images/products/3/LN_080694_BP_3.jpg,https://www.waitrose.com/ecom/products/no1-free-range-pork-fillet/080694-41081-41082,No.1 Free Range Pork Fillet,Typical weight 0.42kg,£8.54 each est.,£20.50/kg,,Dietary & Lifestyle
587804,Charlie Bigham's Chicken Korma & Pilau Rice for 2,G,false,1587,https://ecom-su-static-prod.wtrecom.com/images/products/3/LN_587804_BP_3.jpg,https://www.waitrose.com/ecom/products/charlie-bighams-chicken-korma-pilau-rice-for-2/587804-336945-336946,Charlie Bigham's Chicken Korma & Pilau Rice for 2,810g,£9.50,£11.73/kg,,Dietary & Lifestyle
806353,Kellogg's All-Bran Original Breakfast Cereal,G,false,1588,https://ecom-su-static-prod.wtrecom.com/images/products/3/LN_806353_BP_3.jpg,https://www.waitrose.com/ecom/products/kelloggs-all-bran-original-breakfast-cereal/806353-723008-723009,Kellogg's All-Bran Original Breakfast Cereal,500g,£2.60,52p/100g,,Dietary & Lifestyle
089766,Waitrose Indian Bombay Potato,G,false,1589,https://ecom-su-static-prod.wtrecom.com/images/products/3/LN_089766_BP_3.jpg,https://www.waitrose.com/ecom/products/waitrose-indian-bombay-potato/089766-46288-46289,Waitrose Indian Bombay Potato,300g,£2.85,£9.50/kg,,Dietary & Lifestyle
795746,Mr Organic Organic Baked Beans,G,true,1590,https://ecom-su-static-prod.wtrecom.com/images/products/3/LN_795746_BP_3.jpg,https://www.waitrose.com/ecom/products/mr-organic-organic-baked-beans/795746-743989-743990,Mr Organic Organic Baked Beans,4x400g,£4.60,£2.88/kg,20% Off. Was £5.80,Dietary & Lifestyle
584727,Charlie Bigham's Vegetable Lasagne for 1,G,false,1591,https://ecom-su-static-prod.wtrecom.com/images/products/3/LN_584727_BP_3.jpg,https://www.waitrose.com/ecom/products/charlie-bighams-vegetable-lasagne-for-1/584727-766108-766109,Charlie Bigham's Vegetable Lasagne for 1,365g,£5.50,£15.07/kg,,Dietary & Lifestyle
732546,Higgidy Smoked Bacon & Cheddar Quiche,G,true,1592,https://ecom-su-static-prod.wtrecom.com/images/products/3/LN_732546_BP_3.jpg,https://www.waitrose.com/ecom/products/higgidy-smoked-bacon-cheddar-quiche/732546-104081-104082,Higgidy Smoked Bacon & Cheddar Quiche,155g,£2.50,£1.62/100g,save 65p. Was £3.15,Dietary & Lifestyle
068365,Waitrose Potato Gratin,G,false,1593,https://ecom-su-static-prod.wtrecom.com/images/products/3/LN_068365_BP_3.jpg,https://www.waitrose.com/ecom/products/waitrose-potato-gratin/068365-34705-34706,Waitrose Potato Gratin,420g,£3.35,79.8p/100g,,Dietary & Lifestyle
447043,Waitrose Decaffeinated Earl Grey 50 Tea Bags,G,false,1594,https://ecom-su-static-prod.wtrecom.com/images/products/3/LN_447043_BP_3.jpg,https://www.waitrose.com/ecom/products/waitrose-decaffeinated-earl-grey-50-tea-bags/447043-381036-381037,Waitrose Decaffeinated Earl Grey 50 Tea Bags,125g,£1.80,£1.44/100g,,Dietary & Lifestyle
024064,Waitrose Roast Chicken Drumsticks,G,false,1595,https://ecom-su-static-prod.wtrecom.com/images/products/3/LN_024064_BP_3.jpg,https://www.waitrose.com/ecom/products/waitrose-roast-chicken-drumsticks/024064-11672-11673,Waitrose Roast Chicken Drumsticks,520g,£4.25,81.7p/100g,,Dietary & Lifestyle
546962,Knorr Gluten Free Rich Beef Stock Pot,G,false,1596,https://ecom-su-static-prod.wtrecom.com/images/products/3/LN_546962_BP_3.jpg,https://www.waitrose.com/ecom/products/knorr-gluten-free-rich-beef-stock-pot/546962-229865-229866,Knorr Gluten Free Rich Beef Stock Pot,4x28g,£2.00,£1.79/100g,,Dietary & Lifestyle
578785,Taiko Lightly Salted Edamame,G,true,1597,https://ecom-su-static-prod.wtrecom.com/images/products/3/LN_578785_BP_3.jpg,https://www.waitrose.com/ecom/products/taiko-lightly-salted-edamame/578785-81988-81989,Taiko Lightly Salted Edamame,150g,£2.50,£1.67/100g,"£5 Food to Go Meal Deal: Add 1 Main, 1 Snack and 1 Drink",Dietary & Lifestyle
772137,Charlie Bigham's Beef Bourguignon & Dauphinoise Potatoes for 2,G,false,1598,https://ecom-su-static-prod.wtrecom.com/images/products/3/LN_772137_BP_3.jpg,https://www.waitrose.com/ecom/products/charlie-bighams-beef-bourguignon-dauphinoise-potatoes-for-2/772137-389083-389084,Charlie Bigham's Beef Bourguignon & Dauphinoise Potatoes for 2,850g,£9.95,£11.71/kg,,Dietary & Lifestyle
044460,Baxters Favourites Chicken Broth,G,false,1599,https://ecom-su-static-prod.wtrecom.com/images/products/3/LN_044460_BP_3.jpg,https://www.waitrose.com/ecom/products/baxters-favourites-chicken-broth/044460-21928-21929,Baxters Favourites Chicken Broth,400g,£2.00,50p/100g,,Dietary & Lifestyle
029442,Baxters French Onion Soup,G,false,1600,https://ecom-su-static-prod.wtrecom.com/images/products/3/LN_029442_BP_3.jpg,https://www.waitrose.com/ecom/products/baxters-french-onion-soup/029442-14399-14400,Baxters French Onion Soup,400g,£2.00,50p/100g,,Dietary & Lifestyle
607633,Weetabix,G,false,1601,https://ecom-su-static-prod.wtrecom.com/images/products/3/LN_607633_BP_3.jpg,https://www.waitrose.com/ecom/products/weetabix/607633-127607-127608,Weetabix,72s,£8.45,11.7p each,,Dietary & Lifestyle
467171,Yorkshire Provender Rustic Veg Broth,G,true,1602,https://ecom-su-static-prod.wtrecom.com/images/products/3/LN_467171_BP_3.jpg,https://www.waitrose.com/ecom/products/yorkshire-provender-rustic-veg-broth/467171-65833-65834,Yorkshire Provender Rustic Veg Broth,560g,£2.65,47.3p/100g,save 55p. Was £3.20,Dietary & Lifestyle
883865,Meridian Crunchy Almond Butter,G,false,1603,https://ecom-su-static-prod.wtrecom.com/images/products/3/LN_883865_BP_3.jpg,https://www.waitrose.com/ecom/products/meridian-crunchy-almond-butter/883865-276147-276148,Meridian Crunchy Almond Butter,170g,£3.15,£1.86/100g,,Dietary & Lifestyle
721430,TRIP CBD Elderflower Mint,G,false,1604,https://ecom-su-static-prod.wtrecom.com/images/products/3/LN_721430_BP_3.jpg,https://www.waitrose.com/ecom/products/trip-cbd-elderflower-mint/721430-791863-791864,TRIP CBD Elderflower Mint,4x250ml,£6.50,65p/100ml,,Dietary & Lifestyle
049596,Waitrose New York Cheesecake Slices 2x90g,G,false,1605,https://ecom-su-static-prod.wtrecom.com/images/products/3/LN_049596_BP_3.jpg,https://www.waitrose.com/ecom/products/waitrose-new-york-cheesecake-slices-2x90g/049596-24707-24708,Waitrose New York Cheesecake Slices 2x90g,192g,£3.75,£1.96/100g,,Dietary & Lifestyle
560438,Waitrose Mint Thins,G,false,1606,https://ecom-su-static-prod.wtrecom.com/images/products/3/LN_560438_BP_3.jpg,https://www.waitrose.com/ecom/products/waitrose-mint-thins/560438-673593-673594,Waitrose Mint Thins,150g,£3.50,£2.34/100g,,Dietary & Lifestyle
794094,Yorkshire Provender Root Veg Soup,G,true,1607,https://ecom-su-static-prod.wtrecom.com/images/products/3/LN_794094_BP_3.jpg,https://www.waitrose.com/ecom/products/yorkshire-provender-root-veg-soup/794094-112986-112987,Yorkshire Provender Root Veg Soup,560g,£2.65,47.3p/100g,save 55p. Was £3.20,Dietary & Lifestyle
019801,Essential Artichoke Hearts in Water,G,false,1608,https://ecom-su-static-prod.wtrecom.com/images/products/3/LN_019801_BP_3.jpg,https://www.waitrose.com/ecom/products/essential-artichoke-hearts-in-water/019801-9642-9643,Essential Artichoke Hearts in Water,drained 240g,£2.40,£10/kg,,Dietary & Lifestyle
083573,Waitrose Extra Large Pomegranate,G,true,1609,https://ecom-su-static-prod.wtrecom.com/images/products/3/LN_083573_BP_3.jpg,https://www.waitrose.com/ecom/products/waitrose-extra-large-pomegranate/083573-42425-42426,Waitrose Extra Large Pomegranate,each,£3.00,£3 each,Add 2 for £5,Dietary & Lifestyle
835994,Encore Tuna Fillet with Prawn,G,false,1610,https://ecom-su-static-prod.wtrecom.com/images/products/3/LN_835994_BP_3.jpg,https://www.waitrose.com/ecom/products/encore-tuna-fillet-with-prawn/835994-691259-691260,Encore Tuna Fillet with Prawn,70g,£1.15,£16.43/kg,,Dietary & Lifestyle
038022,Waitrose Chopped Tomatoes with Basil,G,false,1611,https://ecom-su-static-prod.wtrecom.com/images/products/3/LN_038022_BP_3.jpg,https://www.waitrose.com/ecom/products/waitrose-chopped-tomatoes-with-basil/038022-18978-18979,Waitrose Chopped Tomatoes with Basil,400g,85p,£2.13/kg,,Dietary & Lifestyle
080059,Heinz Organic Tomato Ketchup,G,false,1612,https://ecom-su-static-prod.wtrecom.com/images/products/3/LN_080059_BP_3.jpg,https://www.waitrose.com/ecom/products/heinz-organic-tomato-ketchup/080059-40725-40726,Heinz Organic Tomato Ketchup,580g,£4.30,74.1p/100g,,Dietary & Lifestyle
807265,MOMA Plain Jumbo Oat Porridge Pot Gluten Free,G,true,1613,https://ecom-su-static-prod.wtrecom.com/images/products/3/LN_807265_BP_3.jpg,https://www.waitrose.com/ecom/products/moma-plain-jumbo-oat-porridge-pot-gluten-free/807265-301831-301832,MOMA Plain Jumbo Oat Porridge Pot Gluten Free,65g,£1.35,£2.08/100g,Add 4 for £4,Dietary & Lifestyle
791939,Waitrose Asian Thai Sticky Rice,G,true,1614,https://ecom-su-static-prod.wtrecom.com/images/products/3/LN_791939_BP_3.jpg,https://www.waitrose.com/ecom/products/waitrose-asian-thai-sticky-rice/791939-426016-426017,Waitrose Asian Thai Sticky Rice,350g,£2.30,£6.58/kg,£12 South East & East Asian Meal Deal : Add 2 Mains & 2 Sides,Dietary & Lifestyle
019506,Essential Petits Pois in Water,G,false,1615,https://ecom-su-static-prod.wtrecom.com/images/products/3/LN_019506_BP_3.jpg,https://www.waitrose.com/ecom/products/essential-petits-pois-in-water/019506-9433-9434,Essential Petits Pois in Water,drained 140g,55p,£3.93/kg,,Dietary & Lifestyle
444333,Lily's Kitchen Classic Dinners,G,true,1616,https://ecom-su-static-prod.wtrecom.com/images/products/3/LN_444333_BP_3.jpg,https://www.waitrose.com/ecom/products/lilys-kitchen-classic-dinners/444333-707360-707360,Lily's Kitchen Classic Dinners,6x150g,£7.00,£7.78/kg,save £2.00. Was £9.00,Dietary & Lifestyle
599705,Twister Fruit Zinger Ice Lollies,G,true,1617,https://ecom-su-static-prod.wtrecom.com/images/products/3/LN_599705_BP_3.jpg,https://www.waitrose.com/ecom/products/twister-fruit-zinger-ice-lollies/599705-801920-801921,Twister Fruit Zinger Ice Lollies,4x70ml,£2.70,96.4p/100ml,Add 2 for £4,Dietary & Lifestyle
667786,"Innocent Invigorate, Kiwi & Cucumber High Vitamin Fruit Super Smoothie",G,false,1618,https://ecom-su-static-prod.wtrecom.com/images/products/3/LN_667786_BP_3.jpg,https://www.waitrose.com/ecom/products/innocent-invigorate-kiwi-cucumber-high-vitamin-fruit-super-smoothie/667786-722239-722240,"Innocent Invigorate, Kiwi & Cucumber High Vitamin Fruit Super Smoothie",750ml,£4.75,63.3p/100ml,,Dietary & Lifestyle
841838,Bio-tiful Dairy Gut Health Strawberry Kefir Drink,G,false,1619,https://ecom-su-static-prod.wtrecom.com/images/products/3/LN_841838_BP_3.jpg,https://www.waitrose.com/ecom/products/bio-tiful-dairy-gut-health-strawberry-kefir-drink/841838-785832-785833,Bio-tiful Dairy Gut Health Strawberry Kefir Drink,1litre,£3.70,37p/100ml,,Dietary & Lifestyle
492817,Yorkshire Provender Thai Green Chicken Soup,G,true,1620,https://ecom-su-static-prod.wtrecom.com/images/products/3/LN_492817_BP_3.jpg,https://www.waitrose.com/ecom/products/yorkshire-provender-thai-green-chicken-soup/492817-525484-525485,Yorkshire Provender Thai Green Chicken Soup,560g,£2.65,47.3p/100g,save 55p. Was £3.20,Dietary & Lifestyle
510339,Galipette Non-Alcoholic Cider 0% ABV,G,false,1621,https://ecom-su-static-prod.wtrecom.com/images/products/3/LN_510339_BP_3.jpg,https://www.waitrose.com/ecom/products/galipette-non-alcoholic-cider-0-abv/510339-793408-793409,Galipette Non-Alcoholic Cider 0% ABV,330ml,£1.85,£5.61/litre,,Dietary & Lifestyle
689277,Oatly Oat Dairy Free Creme Fraiche,G,false,1622,https://ecom-su-static-prod.wtrecom.com/images/products/3/LN_689277_BP_3.jpg,https://www.waitrose.com/ecom/products/oatly-oat-dairy-free-creme-fraiche/689277-671814-671815,Oatly Oat Dairy Free Creme Fraiche,200ml,£1.95,97.5p/100ml,,Dietary & Lifestyle
016615,Waitrose FT Italian Style Beans,G,false,1623,https://ecom-su-static-prod.wtrecom.com/images/products/3/LN_016615_BP_3.jpg,https://www.waitrose.com/ecom/products/waitrose-ft-italian-style-beans/016615-7979-7980,Waitrose FT Italian Style Beans,227g,£3.00,£1.33/100g,,Dietary & Lifestyle
451111,Violife Original Dairy Free Creamy Spreadable Cheese Alternative,G,false,1624,https://ecom-su-static-prod.wtrecom.com/images/products/3/LN_451111_BP_3.jpg,https://www.waitrose.com/ecom/products/violife-original-dairy-free-creamy-spreadable-cheese-alternative/451111-688796-688797,Violife Original Dairy Free Creamy Spreadable Cheese Alternative,200g,£2.90,£14.50/kg,,Dietary & Lifestyle
751371,Quorn Cocktail Sausages,G,false,1625,https://ecom-su-static-prod.wtrecom.com/images/products/3/LN_751371_BP_3.jpg,https://www.waitrose.com/ecom/products/quorn-cocktail-sausages/751371-825209-825210,Quorn Cocktail Sausages,240g,£2.95,£1.23/100g,,Dietary & Lifestyle
039455,Waitrose Cheddar Mash,G,false,1626,https://ecom-su-static-prod.wtrecom.com/images/products/3/LN_039455_BP_3.jpg,https://www.waitrose.com/ecom/products/waitrose-cheddar-mash/039455-19553-19554,Waitrose Cheddar Mash,450g,£2.60,£5.78/kg,,Dietary & Lifestyle
892903,Urban Fruit Baked Strawberries,G,true,1627,https://ecom-su-static-prod.wtrecom.com/images/products/3/LN_892903_BP_3.jpg,https://www.waitrose.com/ecom/products/urban-fruit-baked-strawberries/892903-271554-271555,Urban Fruit Baked Strawberries,90g,£2.75,£3.06/100g,Add 2 for £4.20,Dietary & Lifestyle
071838,Easy to Cook Lamb Rump,G,false,1628,https://ecom-su-static-prod.wtrecom.com/images/products/3/LN_071838_BP_3.jpg,https://www.waitrose.com/ecom/products/easy-to-cook-lamb-rump/071838-36476-36477,Easy to Cook Lamb Rump,332g,£8.50,£25.61/kg,,Dietary & Lifestyle
006810,Waitrose Blanched Whole Almonds,G,false,1629,https://ecom-su-static-prod.wtrecom.com/images/products/3/LN_006810_BP_3.jpg,https://www.waitrose.com/ecom/products/waitrose-blanched-whole-almonds/006810-3055-3056,Waitrose Blanched Whole Almonds,100g,£1.80,£18/kg,,Dietary & Lifestyle
019615,Essential Sliced Carrots in Water,G,false,1630,https://ecom-su-static-prod.wtrecom.com/images/products/3/LN_019615_BP_3.jpg,https://www.waitrose.com/ecom/products/essential-sliced-carrots-in-water/019615-9524-9525,Essential Sliced Carrots in Water,drained 240g,65p,£2.71/kg,,Dietary & Lifestyle
385733,Farrington's Mellow Yellow Classic Vinaigrette,G,false,1631,https://ecom-su-static-prod.wtrecom.com/images/products/3/LN_385733_BP_3.jpg,https://www.waitrose.com/ecom/products/farringtons-mellow-yellow-classic-vinaigrette/385733-54255-54256,Farrington's Mellow Yellow Classic Vinaigrette,250ml,£3.45,£1.38/100ml,,Dietary & Lifestyle
365603,Waitrose English Breakfast 100 Tea Bags,G,false,1632,https://ecom-su-static-prod.wtrecom.com/images/products/3/LN_365603_BP_3.jpg,https://www.waitrose.com/ecom/products/waitrose-english-breakfast-100-tea-bags/365603-156134-156135,Waitrose English Breakfast 100 Tea Bags,250g,£3.00,£1.20/100g,,Dietary & Lifestyle
479896,Rude Health Puffed Oats,G,false,1633,https://ecom-su-static-prod.wtrecom.com/images/products/3/LN_479896_BP_3.jpg,https://www.waitrose.com/ecom/products/rude-health-puffed-oats/479896-67713-67714,Rude Health Puffed Oats,175g,£1.80,£1.03/100g,,Dietary & Lifestyle
544769,Thick Cut Cavolo Nero,G,false,1634,https://ecom-su-static-prod.wtrecom.com/images/products/3/LN_544769_BP_3.jpg,https://www.waitrose.com/ecom/products/thick-cut-cavolo-nero/544769-306866-306867,Thick Cut Cavolo Nero,200g,£1.60,£8/kg,,Dietary & Lifestyle
603213,Bear Yo Yos Mango,G,true,1635,https://ecom-su-static-prod.wtrecom.com/images/products/3/LN_603213_BP_3.jpg,https://www.waitrose.com/ecom/products/bear-yo-yos-mango/603213-85573-85574,Bear Yo Yos Mango,5s,£2.00,40p each,save 85p. Was £2.85,Dietary & Lifestyle
029120,Heinz Cream of Tomato Soup,G,true,1636,https://ecom-su-static-prod.wtrecom.com/images/products/3/LN_029120_BP_3.jpg,https://www.waitrose.com/ecom/products/heinz-cream-of-tomato-soup/029120-14185-14186,Heinz Cream of Tomato Soup,300g,£1.40,46.7p/100g,Add 2 for £2.50,Dietary & Lifestyle
816092,Quorn Vegetarian 8 Sausages 336g,G,true,1637,https://ecom-su-static-prod.wtrecom.com/images/products/3/LN_816092_BP_3.jpg,https://www.waitrose.com/ecom/products/quorn-vegetarian-8-sausages-336g/816092-677103-677104,Quorn Vegetarian 8 Sausages 336g,336g,£2.10,£6.25/kg,20% Off. Was £2.65,Dietary & Lifestyle
048709,Waitrose Sweet & Refreshing Pea Mint Cup Soup,G,false,1638,https://ecom-su-static-prod.wtrecom.com/images/products/3/LN_048709_BP_3.jpg,https://www.waitrose.com/ecom/products/waitrose-sweet-refreshing-pea-mint-cup-soup/048709-24207-24208,Waitrose Sweet & Refreshing Pea Mint Cup Soup,4x27g,£1.10,£1.02/100g,,Dietary & Lifestyle
883315,Alpro Hazelnut Long Life Dairy Free Original Milk Alternative,G,true,1639,https://ecom-su-static-prod.wtrecom.com/images/products/3/LN_883315_BP_3.jpg,https://www.waitrose.com/ecom/products/alpro-hazelnut-long-life-dairy-free-original-milk-alternative/883315-166865-166866,Alpro Hazelnut Long Life Dairy Free Original Milk Alternative,1litre,£1.50,£1.50/litre,save 70p. Was £2.20,Dietary & Lifestyle
878216,"Magnum Double Star Chaser Popcorn, Caramel and Chocolate Ice Cream Sticks",G,true,1640,https://ecom-su-static-prod.wtrecom.com/images/products/3/LN_878216_BP_3.jpg,https://www.waitrose.com/ecom/products/magnum-double-star-chaser-popcorn-caramel-and-chocolate-ice-cream-sticks/878216-802210-802211,"Magnum Double Star Chaser Popcorn, Caramel and Chocolate Ice Cream Sticks",3x85ml,£4.20,£1.65/100ml,Add 2 for £6,Dietary & Lifestyle
020929,Essential Summer Fruits in Syrup,G,false,1641,https://ecom-su-static-prod.wtrecom.com/images/products/3/LN_020929_BP_3.jpg,https://www.waitrose.com/ecom/products/essential-summer-fruits-in-syrup/020929-10183-10184,Essential Summer Fruits in Syrup,290g,£1.40,£4.83/kg,,Dietary & Lifestyle
898594,Strong Roots Cauliflower Hash Browns,G,false,1642,https://ecom-su-static-prod.wtrecom.com/images/products/3/LN_898594_BP_3.jpg,https://www.waitrose.com/ecom/products/strong-roots-cauliflower-hash-browns/898594-688790-688791,Strong Roots Cauliflower Hash Browns,375g,£3.50,£9.34/kg,,Dietary & Lifestyle
020818,Essential Black Cherries in Light Syrup,G,false,1643,https://ecom-su-static-prod.wtrecom.com/images/products/3/LN_020818_BP_3.jpg,https://www.waitrose.com/ecom/products/essential-black-cherries-in-light-syrup/020818-10131-10132,Essential Black Cherries in Light Syrup,drained 213g,£1.45,£6.81/kg,,Dietary & Lifestyle
022468,Rubicon Exotic Juice Drink Mango,G,true,1644,https://ecom-su-static-prod.wtrecom.com/images/products/3/LN_022468_BP_3.jpg,https://www.waitrose.com/ecom/products/rubicon-exotic-juice-drink-mango/022468-10950-10951,Rubicon Exotic Juice Drink Mango,1litre,£1.55,15.5p/100ml,save 30p. Was £1.85,Dietary & Lifestyle
093173,Nature's Path Gluten Free Mesa Sunrise Cereal Flakes,G,false,1645,https://ecom-su-static-prod.wtrecom.com/images/products/3/LN_093173_BP_3.jpg,https://www.waitrose.com/ecom/products/natures-path-gluten-free-mesa-sunrise-cereal-flakes/093173-47871-47872,Nature's Path Gluten Free Mesa Sunrise Cereal Flakes,355g,£3.65,£1.03/100g,,Dietary & Lifestyle
043510,Cooks' Ingredients Cinnamon Sticks,G,false,1646,https://ecom-su-static-prod.wtrecom.com/images/products/3/LN_043510_BP_3.jpg,https://www.waitrose.com/ecom/products/cooks-ingredients-cinnamon-sticks/043510-21454-21455,Cooks' Ingredients Cinnamon Sticks,18g,£1.50,83.3p/10g,,Dietary & Lifestyle
850638,Naturya Organic Chia Seeds,G,true,1647,https://ecom-su-static-prod.wtrecom.com/images/products/3/LN_850638_BP_3.jpg,https://www.waitrose.com/ecom/products/naturya-organic-chia-seeds/850638-492218-492219,Naturya Organic Chia Seeds,175g,£3.15,£1.80/100g,25% Off. Was £4.20,Dietary & Lifestyle
839826,Waitrose Free From Gluten Stem Ginger Cookies,G,false,1648,https://ecom-su-static-prod.wtrecom.com/images/products/3/LN_839826_BP_3.jpg,https://www.waitrose.com/ecom/products/waitrose-free-from-gluten-stem-ginger-cookies/839826-745545-745546,Waitrose Free From Gluten Stem Ginger Cookies,150g,£2.40,£1.60/100g,,Dietary & Lifestyle
585308,Activia Strawberry No Added Sugar Gut Health Yogurt Multipack,G,true,1649,https://ecom-su-static-prod.wtrecom.com/images/products/3/LN_585308_BP_3.jpg,https://www.waitrose.com/ecom/products/activia-strawberry-no-added-sugar-gut-health-yogurt-multipack/585308-690800-690801,Activia Strawberry No Added Sugar Gut Health Yogurt Multipack,4x115g,£1.75,38p/100g,save 90p. Was £2.65,Dietary & Lifestyle
708432,Arla Lactose Free Soft Cheese,G,false,1650,https://ecom-su-static-prod.wtrecom.com/images/products/3/LN_708432_BP_3.jpg,https://www.waitrose.com/ecom/products/arla-lactose-free-soft-cheese/708432-100623-100624,Arla Lactose Free Soft Cheese,200g,£1.90,£9.50/kg,,Dietary & Lifestyle
701268,PlantLiving: Mushroom & Leek Sausages,G,false,1651,https://ecom-su-static-prod.wtrecom.com/images/products/3/LN_701268_BP_3.jpg,https://www.waitrose.com/ecom/products/plantliving-mushroom-leek-sausages/701268-762100-762101,PlantLiving: Mushroom & Leek Sausages,300g,£2.75,£9.17/kg,,Dietary & Lifestyle
464242,Cooks' Ingredients Soffritto Mix,G,false,1652,https://ecom-su-static-prod.wtrecom.com/images/products/3/LN_464242_BP_3.jpg,https://www.waitrose.com/ecom/products/cooks-ingredients-soffritto-mix/464242-65417-65418,Cooks' Ingredients Soffritto Mix,400g,£1.45,£3.63/kg,,Dietary & Lifestyle
029468,Baxters Vegetarian Soup Country Garden,G,false,1653,https://ecom-su-static-prod.wtrecom.com/images/products/3/LN_029468_BP_3.jpg,https://www.waitrose.com/ecom/products/baxters-vegetarian-soup-country-garden/029468-14421-14422,Baxters Vegetarian Soup Country Garden,400g,£2.10,52.5p/100g,,Dietary & Lifestyle
406917,Waitrose Cashew Nuts,G,false,1654,https://ecom-su-static-prod.wtrecom.com/images/products/3/LN_406917_BP_3.jpg,https://www.waitrose.com/ecom/products/waitrose-cashew-nuts/406917-491895-491896,Waitrose Cashew Nuts,750g,£10.00,£1.34/100g,,Dietary & Lifestyle
871990,Waitrose Red Wine & Shallot Sauce,G,false,1655,https://ecom-su-static-prod.wtrecom.com/images/products/3/LN_871990_BP_3.jpg,https://www.waitrose.com/ecom/products/waitrose-red-wine-shallot-sauce/871990-675525-675526,Waitrose Red Wine & Shallot Sauce,180g,£2.50,£1.39/100g,,Dietary & Lifestyle
872512,Waitrose FT Italian Style Beans 454g,G,false,1656,https://ecom-su-static-prod.wtrecom.com/images/products/3/LN_872512_BP_3.jpg,https://www.waitrose.com/ecom/products/waitrose-ft-italian-style-beans-454g/872512-719969-719970,Waitrose FT Italian Style Beans 454g,454g,£5.50,£1.22/100g,,Dietary & Lifestyle
034605,Heinz Tomato Ketchup,G,false,1657,https://ecom-su-static-prod.wtrecom.com/images/products/3/LN_034605_BP_3.jpg,https://www.waitrose.com/ecom/products/heinz-tomato-ketchup/034605-17397-17398,Heinz Tomato Ketchup,342g,£2.50,73.1p/100g,,Dietary & Lifestyle
708229,Belazu Traditional Genovese Pesto,G,false,1658,https://ecom-su-static-prod.wtrecom.com/images/products/3/LN_708229_BP_3.jpg,https://www.waitrose.com/ecom/products/belazu-traditional-genovese-pesto/708229-704257-704258,Belazu Traditional Genovese Pesto,165g,£3.35,£2.04/100g,,Dietary & Lifestyle
588692,Equinox Kombucha Raspberry Organic Fruit Juice,G,true,1659,https://ecom-su-static-prod.wtrecom.com/images/products/3/LN_588692_BP_3.jpg,https://www.waitrose.com/ecom/products/equinox-kombucha-raspberry-organic-fruit-juice/588692-719584-719585,Equinox Kombucha Raspberry Organic Fruit Juice,250ml,£1.90,£7.60/litre,"£5 Food to Go Meal Deal: Add 1 Main, 1 Snack and 1 Drink",Dietary & Lifestyle
507536,Waitrose Rooibos Caffeine Free 80 Tea Bags,G,false,1660,https://ecom-su-static-prod.wtrecom.com/images/products/3/LN_507536_BP_3.jpg,https://www.waitrose.com/ecom/products/waitrose-rooibos-caffeine-free-80-tea-bags/507536-145572-145573,Waitrose Rooibos Caffeine Free 80 Tea Bags,200g,£3.00,£1.50/100g,,Dietary & Lifestyle
697190,Tilda Wholegrain Basmati Pilau Rice,G,false,1661,https://ecom-su-static-prod.wtrecom.com/images/products/3/LN_697190_BP_3.jpg,https://www.waitrose.com/ecom/products/tilda-wholegrain-basmati-pilau-rice/697190-157109-157110,Tilda Wholegrain Basmati Pilau Rice,250g,£1.65,£6.60/kg,,Dietary & Lifestyle
056867,No.1 Sumatra Mandheling Coffee Beans,G,false,1662,https://ecom-su-static-prod.wtrecom.com/images/products/3/LN_056867_BP_3.jpg,https://www.waitrose.com/ecom/products/no1-sumatra-mandheling-coffee-beans/056867-28551-28552,No.1 Sumatra Mandheling Coffee Beans,227g,£4.00,£1.77/100g,,Dietary & Lifestyle
751807,Graze Marmite Crunch,G,false,1663,https://ecom-su-static-prod.wtrecom.com/images/products/3/LN_751807_BP_3.jpg,https://www.waitrose.com/ecom/products/graze-marmite-crunch/751807-758157-758158,Graze Marmite Crunch,100g,£2.65,£2.65/100g,,Dietary & Lifestyle
730342,Knorr Gluten Free Vegetable Stock Pot,G,false,1664,https://ecom-su-static-prod.wtrecom.com/images/products/3/LN_730342_BP_3.jpg,https://www.waitrose.com/ecom/products/knorr-gluten-free-vegetable-stock-pot/730342-103749-103750,Knorr Gluten Free Vegetable Stock Pot,8x28g,£3.20,£1.43/100g,,Dietary & Lifestyle
086186,Cooks' Ingredients Rosemary Medium Pot,G,false,1665,https://ecom-su-static-prod.wtrecom.com/images/products/3/LN_086186_BP_3.jpg,https://www.waitrose.com/ecom/products/cooks-ingredients-rosemary-medium-pot/086186-44021-44022,Cooks' Ingredients Rosemary Medium Pot,Each,£1.70,£1.70 each,,Dietary & Lifestyle
439595,Lily's Kitchen Lamb Hotpot Wet Food for Dogs,G,true,1666,https://ecom-su-static-prod.wtrecom.com/images/products/3/LN_439595_BP_3.jpg,https://www.waitrose.com/ecom/products/lilys-kitchen-lamb-hotpot-wet-food-for-dogs/439595-215933-215934,Lily's Kitchen Lamb Hotpot Wet Food for Dogs,400g,£2.50,£6.25/kg,25% Off. Was £3.35,Dietary & Lifestyle
744951,nakd. Cocoa Delight Fruit & Nut Bars Multipack,G,false,1667,https://ecom-su-static-prod.wtrecom.com/images/products/3/LN_744951_BP_3.jpg,https://www.waitrose.com/ecom/products/nakd-cocoa-delight-fruit-nut-bars-multipack/744951-134991-134992,nakd. Cocoa Delight Fruit & Nut Bars Multipack,4x35g,£3.15,£2.25/100g,,Dietary & Lifestyle
886497,Schär Gluten Free Wholesome White Loaf,G,false,1668,https://ecom-su-static-prod.wtrecom.com/images/products/3/LN_886497_BP_3.jpg,https://www.waitrose.com/ecom/products/schar-gluten-free-wholesome-white-loaf/886497-485873-485874,Schär Gluten Free Wholesome White Loaf,300g,£3.15,£1.05/100g,,Dietary & Lifestyle
750629,Innocent Pure Orange Fruit Juice with Bits Large,G,true,1669,https://ecom-su-static-prod.wtrecom.com/images/products/3/LN_750629_BP_3.jpg,https://www.waitrose.com/ecom/products/innocent-pure-orange-fruit-juice-with-bits-large/750629-124250-124251,Innocent Pure Orange Fruit Juice with Bits Large,1.35litre,£3.00,22.2p/100ml,save £1.30. Was £4.30,Dietary & Lifestyle
761206,Deliciously Ella Gluten Free & Vegan Cacao Orange Oat Bars,G,false,1670,https://ecom-su-static-prod.wtrecom.com/images/products/3/LN_761206_BP_3.jpg,https://www.waitrose.com/ecom/products/deliciously-ella-gluten-free-vegan-cacao-orange-oat-bars/761206-812525-812526,Deliciously Ella Gluten Free & Vegan Cacao Orange Oat Bars,3x50g,£2.80,£1.87/100g,,Dietary & Lifestyle
465209,New York Bakery Gluten Free Original Bagels,G,false,1671,https://ecom-su-static-prod.wtrecom.com/images/products/3/LN_465209_BP_3.jpg,https://www.waitrose.com/ecom/products/new-york-bakery-gluten-free-original-bagels/465209-721873-721874,New York Bakery Gluten Free Original Bagels,4s,£3.25,81.3p each,,Dietary & Lifestyle
060256,Waitrose Gold 240 Tea Bags,G,false,1672,https://ecom-su-static-prod.wtrecom.com/images/products/3/LN_060256_BP_3.jpg,https://www.waitrose.com/ecom/products/waitrose-gold-240-tea-bags/060256-30446-30447,Waitrose Gold 240 Tea Bags,750g,£6.50,86.7p/100g,,Dietary & Lifestyle
598034,Ready Brek Original Smooth Porridge Oats,G,false,1673,https://ecom-su-static-prod.wtrecom.com/images/products/3/LN_598034_BP_3.jpg,https://www.waitrose.com/ecom/products/ready-brek-original-smooth-porridge-oats/598034-181463-181464,Ready Brek Original Smooth Porridge Oats,450g,£2.30,51.1p/100g,,Dietary & Lifestyle
635094,Charlie Bigham's Thai Red Chicken Curry & Fragrant Rice for 2,G,false,1674,https://ecom-su-static-prod.wtrecom.com/images/products/3/LN_635094_BP_3.jpg,https://www.waitrose.com/ecom/products/charlie-bighams-thai-red-chicken-curry-fragrant-rice-for-2/635094-337001-337002,Charlie Bigham's Thai Red Chicken Curry & Fragrant Rice for 2,835g,£9.50,£11.38/kg,,Dietary & Lifestyle
660398,Koko Coconut Long Life Unsweetened Dairy Free Milk Alternative,G,false,1675,https://ecom-su-static-prod.wtrecom.com/images/products/3/LN_660398_BP_3.jpg,https://www.waitrose.com/ecom/products/koko-coconut-long-life-unsweetened-dairy-free-milk-alternative/660398-586669-586670,Koko Coconut Long Life Unsweetened Dairy Free Milk Alternative,1litre,£1.90,£1.90/litre,,Dietary & Lifestyle
019855,Essential Chopped Mushrooms in Water,G,false,1676,https://ecom-su-static-prod.wtrecom.com/images/products/3/LN_019855_BP_3.jpg,https://www.waitrose.com/ecom/products/essential-chopped-mushrooms-in-water/019855-427086-9677,Essential Chopped Mushrooms in Water,drained 156g,£1.10,£7.06/kg,,Dietary & Lifestyle
884234,No.1 Cherry & Almond Tart,G,false,1677,https://ecom-su-static-prod.wtrecom.com/images/products/3/LN_884234_BP_3.jpg,https://www.waitrose.com/ecom/products/no1-cherry-almond-tart/884234-498333-498334,No.1 Cherry & Almond Tart,390g,£6.50,£1.67/100g,,Dietary & Lifestyle
822881,Eat Natural Gluten Free Maple Syrup Pecans Peanuts Bars,G,true,1678,https://ecom-su-static-prod.wtrecom.com/images/products/3/LN_822881_BP_3.jpg,https://www.waitrose.com/ecom/products/eat-natural-gluten-free-maple-syrup-pecans-peanuts-bars/822881-580254-580255,Eat Natural Gluten Free Maple Syrup Pecans Peanuts Bars,3x40g,£2.00,£1.67/100g,save 50p. Was £2.50,Dietary & Lifestyle
577649,Alpro Tropical Coconut Dairy Free Milk Alternative,G,false,1679,https://ecom-su-static-prod.wtrecom.com/images/products/3/LN_577649_BP_3.jpg,https://www.waitrose.com/ecom/products/alpro-tropical-coconut-dairy-free-milk-alternative/577649-336927-336928,Alpro Tropical Coconut Dairy Free Milk Alternative,1litre,£2.10,£2.10/litre,,Dietary & Lifestyle
820319,Crodino Alcohol Free,G,false,1680,https://ecom-su-static-prod.wtrecom.com/images/products/3/LN_820319_BP_3.jpg,https://www.waitrose.com/ecom/products/crodino-alcohol-free/820319-784086-784087,Crodino Alcohol Free,3x175ml,£6.50,£12.39/litre,,Dietary & Lifestyle
865271,Beyond Meat Beyond Plant-Based Meatballs,G,false,1681,https://ecom-su-static-prod.wtrecom.com/images/products/3/LN_865271_BP_3.jpg,https://www.waitrose.com/ecom/products/beyond-meat-beyond-plant-based-meatballs/865271-794614-794615,Beyond Meat Beyond Plant-Based Meatballs,200g,£4.10,£20.50/kg,,Dietary & Lifestyle
760587,Duchy Organic Cocoa Powder,G,false,1682,https://ecom-su-static-prod.wtrecom.com/images/products/3/LN_760587_BP_3.jpg,https://www.waitrose.com/ecom/products/duchy-organic-cocoa-powder/760587-757749-757750,Duchy Organic Cocoa Powder,180g,£3.50,£1.95/100g,,Dietary & Lifestyle
595590,Waitrose PlantLiving Moroccan Style Falafels,G,false,1683,https://ecom-su-static-prod.wtrecom.com/images/products/3/LN_595590_BP_3.jpg,https://www.waitrose.com/ecom/products/waitrose-plantliving-moroccan-style-falafels/595590-704135-704136,Waitrose PlantLiving Moroccan Style Falafels,200g,£2.95,£1.48/100g,,Dietary & Lifestyle
540768,White Rabbit Pizza Co. The Smokin' Vegan,G,false,1684,https://ecom-su-static-prod.wtrecom.com/images/products/3/LN_540768_BP_3.jpg,https://www.waitrose.com/ecom/products/white-rabbit-pizza-co-the-smokin-vegan/540768-664931-664932,White Rabbit Pizza Co. The Smokin' Vegan,353g,£5.70,£16.15/kg,,Dietary & Lifestyle
811650,THIS Isn't Beef Plant-Based Mince,G,true,1685,https://ecom-su-static-prod.wtrecom.com/images/products/3/LN_811650_BP_3.jpg,https://www.waitrose.com/ecom/products/this-isnt-beef-plant-based-mince/811650-794604-794605,THIS Isn't Beef Plant-Based Mince,250g,£2.72,£10.88/kg,20% Off. Was £3.40,Dietary & Lifestyle
556145,Bonne Maman Peach & Apricot Compote Dessert,G,true,1686,https://ecom-su-static-prod.wtrecom.com/images/products/3/LN_556145_BP_3.jpg,https://www.waitrose.com/ecom/products/bonne-maman-peach-apricot-compote-dessert/556145-702747-702748,Bonne Maman Peach & Apricot Compote Dessert,2x130g,£2.75,£1.06/100g,save 70p. Was £3.45,Dietary & Lifestyle
871748,Limited Selection Tat Soi,G,false,1687,https://ecom-su-static-prod.wtrecom.com/images/products/3/LN_871748_BP_3.jpg,https://www.waitrose.com/ecom/products/limited-selection-tat-soi/871748-177466-177467,Limited Selection Tat Soi,200g,£2.10,£10.50/kg,,Dietary & Lifestyle
717599,Dell'Ugo Potato Gnocchi,G,false,1688,https://ecom-su-static-prod.wtrecom.com/images/products/3/LN_717599_BP_3.jpg,https://www.waitrose.com/ecom/products/dellugo-potato-gnocchi/717599-661931-661932,Dell'Ugo Potato Gnocchi,450g,£3.50,£7.78/kg,,Dietary & Lifestyle
834754,Waitrose New York Cheesecake with Salted Caramel & Honeycomb,G,true,1689,https://ecom-su-static-prod.wtrecom.com/images/products/3/LN_834754_BP_3.jpg,https://www.waitrose.com/ecom/products/waitrose-new-york-cheesecake-with-salted-caramel-honeycomb/834754-601820-601821,Waitrose New York Cheesecake with Salted Caramel & Honeycomb,463g,£3.93,84.9p/100g,25% Off. Was £5.25,Dietary & Lifestyle
685226,Waitrose Clotted Cream Rice Puddings,G,false,1690,https://ecom-su-static-prod.wtrecom.com/images/products/3/LN_685226_BP_3.jpg,https://www.waitrose.com/ecom/products/waitrose-clotted-cream-rice-puddings/685226-691774-691775,Waitrose Clotted Cream Rice Puddings,2x150g,£3.25,£1.09/100g,,Dietary & Lifestyle
801748,Jude's Salted Caramel Ice Cream,G,false,1691,https://ecom-su-static-prod.wtrecom.com/images/products/3/LN_801748_BP_3.jpg,https://www.waitrose.com/ecom/products/judes-salted-caramel-ice-cream/801748-216811-216812,Jude's Salted Caramel Ice Cream,460ml,£5.25,£1.15/100ml,,Dietary & Lifestyle
539556,Cooks' Ingredients Frozen Chopped Basil,G,true,1692,https://ecom-su-static-prod.wtrecom.com/images/products/3/LN_539556_BP_3.jpg,https://www.waitrose.com/ecom/products/cooks-ingredients-frozen-chopped-basil/539556-76296-76297,Cooks' Ingredients Frozen Chopped Basil,75g,£1.85,24.7p/10g,Add 2 for £3,Dietary & Lifestyle
588781,Quorn Vegan Chicken Slices,G,false,1693,https://ecom-su-static-prod.wtrecom.com/images/products/3/LN_588781_BP_3.jpg,https://www.waitrose.com/ecom/products/quorn-vegan-chicken-slices/588781-664961-664962,Quorn Vegan Chicken Slices,100g,£2.75,£27.50/kg,,Dietary & Lifestyle
848418,Pip & Nut Crunchy Peanut Butter,G,true,1694,https://ecom-su-static-prod.wtrecom.com/images/products/3/LN_848418_BP_3.jpg,https://www.waitrose.com/ecom/products/pip-nut-crunchy-peanut-butter/848418-785996-785997,Pip & Nut Crunchy Peanut Butter,1kg,£6.00,£6/kg,save £1.10. Was £7.10,Dietary & Lifestyle
884432,Waitrose Indulgent Chocolate Collection,G,true,1695,https://ecom-su-static-prod.wtrecom.com/images/products/3/LN_884432_BP_3.jpg,https://www.waitrose.com/ecom/products/waitrose-indulgent-chocolate-collection/884432-759282-759283,Waitrose Indulgent Chocolate Collection,159g,£5.20,£3.28/100g,20% Off. Was £6.50,Dietary & Lifestyle
001359,Essential Porridge Oats with Wheatbran,G,false,1696,https://ecom-su-static-prod.wtrecom.com/images/products/3/LN_001359_BP_3.jpg,https://www.waitrose.com/ecom/products/essential-porridge-oats-with-wheatbran/001359-244-245,Essential Porridge Oats with Wheatbran,1kg,£1.40,14p/100g,,Dietary & Lifestyle
850536,Waitrose Free From Gluten Cherry Bakewells,G,false,1697,https://ecom-su-static-prod.wtrecom.com/images/products/3/LN_850536_BP_3.jpg,https://www.waitrose.com/ecom/products/waitrose-free-from-gluten-cherry-bakewells/850536-678557-678558,Waitrose Free From Gluten Cherry Bakewells,205g,£2.50,£1.22/100g,,Dietary & Lifestyle
410225,Baylis & Harding Oud Cedar Hand Wash,G,false,1698,https://ecom-su-static-prod.wtrecom.com/images/products/3/LN_410225_BP_3.jpg,https://www.waitrose.com/ecom/products/baylis-harding-oud-cedar-hand-wash/410225-723623-723624,Baylis & Harding Oud Cedar Hand Wash,500ml,£4.20,84p/100ml,,Dietary & Lifestyle
004553,Organix Melty Baby Carrot Puffs,G,false,1699,https://ecom-su-static-prod.wtrecom.com/images/products/3/LN_004553_BP_3.jpg,https://www.waitrose.com/ecom/products/organix-melty-baby-carrot-puffs/004553-1931-1932,Organix Melty Baby Carrot Puffs,20g,85p,£4.25/100g,,Dietary & Lifestyle
484859,Crosta & Mollica Crostini With Oregano,G,false,1700,https://ecom-su-static-prod.wtrecom.com/images/products/3/LN_484859_BP_3.jpg,https://www.waitrose.com/ecom/products/crosta-mollica-crostini-with-oregano/484859-311152-311153,Crosta & Mollica Crostini With Oregano,150g,£2.10,£1.40/100g,,Dietary & Lifestyle
766668,Little Jude's Watermelon Rockets,G,false,1701,https://ecom-su-static-prod.wtrecom.com/images/products/3/LN_766668_BP_3.jpg,https://www.waitrose.com/ecom/products/little-judes-watermelon-rockets/766668-748490-748491,Little Jude's Watermelon Rockets,6x55ml,£3.75,£1.14/100ml,,Dietary & Lifestyle
034868,Alpro Soya Long Life Vanilla Dairy Free Original Milk Alternative,G,true,1702,https://ecom-su-static-prod.wtrecom.com/images/products/3/LN_034868_BP_3.jpg,https://www.waitrose.com/ecom/products/alpro-soya-long-life-vanilla-dairy-free-original-milk-alternative/034868-17587-17588,Alpro Soya Long Life Vanilla Dairy Free Original Milk Alternative,1litre,£1.50,£1.50/litre,save 50p. Was £2.00,Dietary & Lifestyle
088520,Essential Green Grapes,G,false,1703,https://ecom-su-static-prod.wtrecom.com/images/products/3/LN_088520_BP_3.jpg,https://www.waitrose.com/ecom/products/essential-green-grapes/088520-45445-45446,Essential Green Grapes,,£4.00,per kg,,Dietary & Lifestyle
019510,Essential Petits Pois with Baby Carrots,G,false,1704,https://ecom-su-static-prod.wtrecom.com/images/products/3/LN_019510_BP_3.jpg,https://www.waitrose.com/ecom/products/essential-petits-pois-with-baby-carrots/019510-9437-9438,Essential Petits Pois with Baby Carrots,drained 265g,£1.65,£6.23/kg,,Dietary & Lifestyle
444497,Waitrose 2 Salmon Fillets in Thai Marinade,G,true,1705,https://ecom-su-static-prod.wtrecom.com/images/products/3/LN_444497_BP_3.jpg,https://www.waitrose.com/ecom/products/waitrose-2-salmon-fillets-in-thai-marinade/444497-538564-538565,Waitrose 2 Salmon Fillets in Thai Marinade,250g,£5.62,£22.48/kg,25% Off. Was £7.50,Dietary & Lifestyle
731002,MOTH Negroni,G,true,1706,https://ecom-su-static-prod.wtrecom.com/images/products/3/LN_731002_BP_3.jpg,https://www.waitrose.com/ecom/products/moth-negroni/731002-746583-746584,MOTH Negroni,125ml,£3.99,£31.92/litre,Mix & Match Add 4 for 3 Cheapest Item Free,Dietary & Lifestyle
615783,Genius Gluten Free Crumpets,G,false,1707,https://ecom-su-static-prod.wtrecom.com/images/products/3/LN_615783_BP_3.jpg,https://www.waitrose.com/ecom/products/genius-gluten-free-crumpets/615783-722169-722170,Genius Gluten Free Crumpets,4s,£2.50,62.5p each,,Dietary & Lifestyle
810351,Waitrose Coriander & Chilli King Prawns,G,false,1708,https://ecom-su-static-prod.wtrecom.com/images/products/3/LN_810351_BP_3.jpg,https://www.waitrose.com/ecom/products/waitrose-coriander-chilli-king-prawns/810351-538954-538955,Waitrose Coriander & Chilli King Prawns,150g,£4.50,£3/100g,,Dietary & Lifestyle
570614,Waitrose Seasoned Charlotte Potatoes,G,false,1709,https://ecom-su-static-prod.wtrecom.com/images/products/3/LN_570614_BP_3.jpg,https://www.waitrose.com/ecom/products/waitrose-seasoned-charlotte-potatoes/570614-497848-497849,Waitrose Seasoned Charlotte Potatoes,375g,£2.25,£6/kg,,Dietary & Lifestyle
491594,Schär Gluten Free Vitality Loaf,G,false,1710,https://ecom-su-static-prod.wtrecom.com/images/products/3/LN_491594_BP_3.jpg,https://www.waitrose.com/ecom/products/schar-gluten-free-vitality-loaf/491594-600574-600575,Schär Gluten Free Vitality Loaf,350g,£3.15,90p/100g,,Dietary & Lifestyle
006850,Waitrose Dried Apricots,G,false,1711,https://ecom-su-static-prod.wtrecom.com/images/products/3/LN_006850_BP_3.jpg,https://www.waitrose.com/ecom/products/waitrose-dried-apricots/006850-3095-3096,Waitrose Dried Apricots,250g,£2.75,£11/kg,,Dietary & Lifestyle
714410,Pip & Nut Smooth Almond Butter,G,false,1712,https://ecom-su-static-prod.wtrecom.com/images/products/3/LN_714410_BP_3.jpg,https://www.waitrose.com/ecom/products/pip-nut-smooth-almond-butter/714410-785974-785975,Pip & Nut Smooth Almond Butter,170g,£3.50,£2.06/100g,,Dietary & Lifestyle
588926,Cooks' Ingredients Ketjap Manis,G,false,1713,https://ecom-su-static-prod.wtrecom.com/images/products/3/LN_588926_BP_3.jpg,https://www.waitrose.com/ecom/products/cooks-ingredients-ketjap-manis/588926-672549-672550,Cooks' Ingredients Ketjap Manis,200ml,£1.35,67.5p/100ml,,Dietary & Lifestyle
401920,Waitrose Little Runners,G,false,1714,https://ecom-su-static-prod.wtrecom.com/images/products/3/LN_401920_BP_3.jpg,https://www.waitrose.com/ecom/products/waitrose-little-runners/401920-525286-525287,Waitrose Little Runners,200g,£2.25,£11.25/kg,,Dietary & Lifestyle
808369,Waitrose Moroccan Style Chicken Breast Chunks,G,true,1715,https://ecom-su-static-prod.wtrecom.com/images/products/3/LN_808369_BP_3.jpg,https://www.waitrose.com/ecom/products/waitrose-moroccan-style-chicken-breast-chunks/808369-620081-620082,Waitrose Moroccan Style Chicken Breast Chunks,300g,£4.50,£15/kg,Add 3 for £12,Dietary & Lifestyle
422145,PlantLiving: Frozen Mushroom & Chestnut Burgers,G,false,1716,https://ecom-su-static-prod.wtrecom.com/images/products/3/LN_422145_BP_3.jpg,https://www.waitrose.com/ecom/products/plantliving-frozen-mushroom-chestnut-burgers/422145-762266-762267,PlantLiving: Frozen Mushroom & Chestnut Burgers,227g,£3.00,£1.33/100g,,Dietary & Lifestyle
735463,Plants By Deliciously Ella Rich Sundried Tomato & Basil Tortelloni,G,false,1717,https://ecom-su-static-prod.wtrecom.com/images/products/3/LN_735463_BP_3.jpg,https://www.waitrose.com/ecom/products/plants-by-deliciously-ella-rich-sundried-tomato-basil-tortelloni/735463-804336-804337,Plants By Deliciously Ella Rich Sundried Tomato & Basil Tortelloni,250g,£3.50,£14/kg,,Dietary & Lifestyle
427754,Waitrose Free From Gluten Butter Shortbread,G,false,1718,https://ecom-su-static-prod.wtrecom.com/images/products/3/LN_427754_BP_3.jpg,https://www.waitrose.com/ecom/products/waitrose-free-from-gluten-butter-shortbread/427754-744865-744866,Waitrose Free From Gluten Butter Shortbread,150g,£2.45,£1.64/100g,,Dietary & Lifestyle
001075,Kellogg's Bran Flakes Breakfast Cereal,G,false,1719,https://ecom-su-static-prod.wtrecom.com/images/products/3/LN_001075_BP_3.jpg,https://www.waitrose.com/ecom/products/kelloggs-bran-flakes-breakfast-cereal/001075-53-54,Kellogg's Bran Flakes Breakfast Cereal,375g,£2.60,69.3p/100g,,Dietary & Lifestyle
874701,Crosta & Mollica Stromboli Sourdough Pizza,G,true,1720,https://ecom-su-static-prod.wtrecom.com/images/products/3/LN_874701_BP_3.jpg,https://www.waitrose.com/ecom/products/crosta-mollica-stromboli-sourdough-pizza/874701-805705-805706,Crosta & Mollica Stromboli Sourdough Pizza,447g,£4.50,£10.07/kg,25% Off. Was £6.00,Dietary & Lifestyle
529608,Innocent Pure Apple & Mango Fruit Juice Large,G,true,1721,https://ecom-su-static-prod.wtrecom.com/images/products/3/LN_529608_BP_3.jpg,https://www.waitrose.com/ecom/products/innocent-pure-apple-mango-fruit-juice-large/529608-254472-254473,Innocent Pure Apple & Mango Fruit Juice Large,1.35litre,£3.00,22.2p/100ml,save £1.30. Was £4.30,Dietary & Lifestyle
088890,Waitrose Macadamia Nuts,G,false,1722,https://ecom-su-static-prod.wtrecom.com/images/products/3/LN_088890_BP_3.jpg,https://www.waitrose.com/ecom/products/waitrose-macadamia-nuts/088890-45689-45690,Waitrose Macadamia Nuts,150g,£4.50,£30/kg,,Dietary & Lifestyle
779992,Heinz Tomato Ketchup 50% Less Salt & Sugar,G,false,1723,https://ecom-su-static-prod.wtrecom.com/images/products/3/LN_779992_BP_3.jpg,https://www.waitrose.com/ecom/products/heinz-tomato-ketchup-50-less-salt-sugar/779992-769214-769215,Heinz Tomato Ketchup 50% Less Salt & Sugar,665g,£3.90,58.6p/100g,,Dietary & Lifestyle
649987,nakd. Bakewell Tart Fruit & Nut Bars Multipack,G,false,1724,https://ecom-su-static-prod.wtrecom.com/images/products/3/LN_649987_BP_3.jpg,https://www.waitrose.com/ecom/products/nakd-bakewell-tart-fruit-nut-bars-multipack/649987-437708-437709,nakd. Bakewell Tart Fruit & Nut Bars Multipack,4x35g,£3.15,£2.25/100g,,Dietary & Lifestyle
412223,Marigold Gluten Free & Vegan Engevita Yeast Flakes,G,false,1725,https://ecom-su-static-prod.wtrecom.com/images/products/3/LN_412223_BP_3.jpg,https://www.waitrose.com/ecom/products/marigold-gluten-free-vegan-engevita-yeast-flakes/412223-653909-653910,Marigold Gluten Free & Vegan Engevita Yeast Flakes,100g,£4.20,£4.20/100g,,Dietary & Lifestyle
791408,Waitrose Syrup Sponge Puddings,G,false,1726,https://ecom-su-static-prod.wtrecom.com/images/products/3/LN_791408_BP_3.jpg,https://www.waitrose.com/ecom/products/waitrose-syrup-sponge-puddings/791408-691912-691913,Waitrose Syrup Sponge Puddings,2x105g,£2.95,£1.41/100g,,Dietary & Lifestyle
891769,Waitrose Raisin Nut & Cranberry,G,false,1727,https://ecom-su-static-prod.wtrecom.com/images/products/3/LN_891769_BP_3.jpg,https://www.waitrose.com/ecom/products/waitrose-raisin-nut-cranberry/891769-492250-492251,Waitrose Raisin Nut & Cranberry,400g,£6.00,£1.50/100g,,Dietary & Lifestyle
819629,Deliciously Ella Vegan Chocolate Orange Almonds,G,false,1728,https://ecom-su-static-prod.wtrecom.com/images/products/3/LN_819629_BP_3.jpg,https://www.waitrose.com/ecom/products/deliciously-ella-vegan-chocolate-orange-almonds/819629-735932-735933,Deliciously Ella Vegan Chocolate Orange Almonds,81g,£2.90,£3.59/100g,,Dietary & Lifestyle
658888,Innocent Pure Smooth Orange Fruit Juice Family Size,G,false,1729,https://ecom-su-static-prod.wtrecom.com/images/products/3/LN_658888_BP_3.jpg,https://www.waitrose.com/ecom/products/innocent-pure-smooth-orange-fruit-juice-family-size/658888-790931-790932,Innocent Pure Smooth Orange Fruit Juice Family Size,1750ml,£4.85,£2.78/litre,,Dietary & Lifestyle
548569,"Innocent Mangoes, Passionfruits & Apples Fruit Smoothie Large",G,true,1730,https://ecom-su-static-prod.wtrecom.com/images/products/3/LN_548569_BP_3.jpg,https://www.waitrose.com/ecom/products/innocent-mangoes-passionfruits-apples-fruit-smoothie-large/548569-138740-138741,"Innocent Mangoes, Passionfruits & Apples Fruit Smoothie Large",750ml,£2.50,33.3p/100ml,save £1.20. Was £3.70,Dietary & Lifestyle
439800,Whole Earth Smooth Peanut Butter,G,false,1731,https://ecom-su-static-prod.wtrecom.com/images/products/3/LN_439800_BP_3.jpg,https://www.waitrose.com/ecom/products/whole-earth-smooth-peanut-butter/439800-518848-518849,Whole Earth Smooth Peanut Butter,454g,£4.75,£1.05/100g,,Dietary & Lifestyle
021403,Waitrose Good to Go Freshly Squeezed Orange Juice,G,true,1732,https://ecom-su-static-prod.wtrecom.com/images/products/3/LN_021403_BP_3.jpg,https://www.waitrose.com/ecom/products/waitrose-good-to-go-freshly-squeezed-orange-juice/021403-416371-10459,Waitrose Good to Go Freshly Squeezed Orange Juice,250ml,£1.40,56p/100ml,"£5 Food to Go Meal Deal: Add 1 Main, 1 Snack and 1 Drink",Dietary & Lifestyle
889533,THIS Isn't Pork Plant-Based Sausages,G,true,1733,https://ecom-su-static-prod.wtrecom.com/images/products/3/LN_889533_BP_3.jpg,https://www.waitrose.com/ecom/products/this-isnt-pork-plant-based-sausages/889533-794622-794623,THIS Isn't Pork Plant-Based Sausages,270g,£2.88,£10.67/kg,20% Off. Was £3.60,Dietary & Lifestyle
732259,Rowse Light & Mild Honey,G,true,1734,https://ecom-su-static-prod.wtrecom.com/images/products/3/LN_732259_BP_3.jpg,https://www.waitrose.com/ecom/products/rowse-light-mild-honey/732259-104037-104038,Rowse Light & Mild Honey,340g,£2.00,58.8p/100g,save £1.15. Was £3.15,Dietary & Lifestyle
569493,"Waitrose Nuts, Fruit & Seeds",G,true,1735,https://ecom-su-static-prod.wtrecom.com/images/products/3/LN_569493_BP_3.jpg,https://www.waitrose.com/ecom/products/waitrose-nuts-fruit-seeds/569493-480889-480890,"Waitrose Nuts, Fruit & Seeds",60g,£1.00,£1.67/100g,"£5 Food to Go Meal Deal: Add 1 Main, 1 Snack and 1 Drink",Dietary & Lifestyle
726166,Faith in Nature Grapefruit & Orange Body Wash,G,false,1736,https://ecom-su-static-prod.wtrecom.com/images/products/3/LN_726166_BP_3.jpg,https://www.waitrose.com/ecom/products/faith-in-nature-grapefruit-orange-body-wash/726166-719734-719735,Faith in Nature Grapefruit & Orange Body Wash,400ml,£6.30,£1.58/100ml,,Dietary & Lifestyle
519289,Kellogg's Coco Pops Chocolate Breakfast Cereal,G,true,1737,https://ecom-su-static-prod.wtrecom.com/images/products/3/LN_519289_BP_3.jpg,https://www.waitrose.com/ecom/products/kelloggs-coco-pops-chocolate-breakfast-cereal/519289-127475-127476,Kellogg's Coco Pops Chocolate Breakfast Cereal,420g,£2.75,65.5p/100g,save £1.20. Was £3.95,Dietary & Lifestyle
707409,BEAR Alphabites Coco Cereal,G,true,1738,https://ecom-su-static-prod.wtrecom.com/images/products/3/LN_707409_BP_3.jpg,https://www.waitrose.com/ecom/products/bear-alphabites-coco-cereal/707409-284263-284264,BEAR Alphabites Coco Cereal,350g,£2.00,57.1p/100g,save 95p. Was £2.95,Dietary & Lifestyle
011543,Essential Pineapple Cottage Cheese Strength 1,G,false,1739,https://ecom-su-static-prod.wtrecom.com/images/products/3/LN_011543_BP_3.jpg,https://www.waitrose.com/ecom/products/essential-pineapple-cottage-cheese-strength-1/011543-5728-5729,Essential Pineapple Cottage Cheese Strength 1,300g,£1.40,£4.67/kg,,Dietary & Lifestyle
027612,Waitrose Earl Grey 50 Tea Bags,G,false,1740,https://ecom-su-static-prod.wtrecom.com/images/products/3/LN_027612_BP_3.jpg,https://www.waitrose.com/ecom/products/waitrose-earl-grey-50-tea-bags/027612-13447-13448,Waitrose Earl Grey 50 Tea Bags,125g,£1.95,£1.56/100g,,Dietary & Lifestyle
539843,Activia Strawberry Raspberry Vanilla Peach No Added Sugar Gut Health Yougurt Multipack,G,false,1741,https://ecom-su-static-prod.wtrecom.com/images/products/3/LN_539843_BP_3.jpg,https://www.waitrose.com/ecom/products/activia-strawberry-raspberry-vanilla-peach-no-added-sugar-gut-health-yougurt-multipack/539843-690793-690793,Activia Strawberry Raspberry Vanilla Peach No Added Sugar Gut Health Yougurt Multipack,8x115g,£4.40,47.8p/100g,,Dietary & Lifestyle
684636,Lindahls Kvarg Peach Passion High Protein Yogurt Single,G,true,1742,https://ecom-su-static-prod.wtrecom.com/images/products/3/LN_684636_BP_3.jpg,https://www.waitrose.com/ecom/products/lindahls-kvarg-peach-passion-high-protein-yogurt-single/684636-673741-673742,Lindahls Kvarg Peach Passion High Protein Yogurt Single,150g,£1.30,86.7p/100g,Add 2 for £1.50,Dietary & Lifestyle
680876,Proper Corn Salted Popcorn Microwavable,G,false,1743,https://ecom-su-static-prod.wtrecom.com/images/products/3/LN_680876_BP_3.jpg,https://www.waitrose.com/ecom/products/proper-corn-salted-popcorn-microwavable/680876-719662-719663,Proper Corn Salted Popcorn Microwavable,3x70g,£2.50,£1.20/100g,,Dietary & Lifestyle
780789,Mary Berry's Light Salad Dressing,G,false,1744,https://ecom-su-static-prod.wtrecom.com/images/products/3/LN_780789_BP_3.jpg,https://www.waitrose.com/ecom/products/mary-berrys-light-salad-dressing/780789-140578-140579,Mary Berry's Light Salad Dressing,235ml,£3.80,£1.62/100ml,,Dietary & Lifestyle
876156,Lily's Kitchen Wild Campfire Stew Wet Food for Dogs,G,true,1745,https://ecom-su-static-prod.wtrecom.com/images/products/3/LN_876156_BP_3.jpg,https://www.waitrose.com/ecom/products/lilys-kitchen-wild-campfire-stew-wet-food-for-dogs/876156-216141-216142,Lily's Kitchen Wild Campfire Stew Wet Food for Dogs,400g,£2.50,£6.25/kg,25% Off. Was £3.35,Dietary & Lifestyle
644162,Schär Gluten Free Brown Ciabatta Rolls,G,false,1746,https://ecom-su-static-prod.wtrecom.com/images/products/3/LN_644162_BP_3.jpg,https://www.waitrose.com/ecom/products/schar-gluten-free-brown-ciabatta-rolls/644162-91445-91446,Schär Gluten Free Brown Ciabatta Rolls,4x50g,£2.50,£1.25/100g,,Dietary & Lifestyle
404187,Jordans Natural Muesli Breakfast Cereal,G,true,1747,https://ecom-su-static-prod.wtrecom.com/images/products/3/LN_404187_BP_3.jpg,https://www.waitrose.com/ecom/products/jordans-natural-muesli-breakfast-cereal/404187-56885-56886,Jordans Natural Muesli Breakfast Cereal,1kg,£3.00,30p/100g,70% Off. Was £4.00,Dietary & Lifestyle
687401,Knorr Gluten Free Chicken Stock Cubes,G,false,1748,https://ecom-su-static-prod.wtrecom.com/images/products/3/LN_687401_BP_3.jpg,https://www.waitrose.com/ecom/products/knorr-gluten-free-chicken-stock-cubes/687401-628020-628021,Knorr Gluten Free Chicken Stock Cubes,200g,£3.50,£1.75/100g,,Dietary & Lifestyle
664453,Waitrose Protein Strawberry Yogurt,G,true,1749,https://ecom-su-static-prod.wtrecom.com/images/products/3/LN_664453_BP_3.jpg,https://www.waitrose.com/ecom/products/waitrose-protein-strawberry-yogurt/664453-822507-822508,Waitrose Protein Strawberry Yogurt,200g,£1.04,52p/100g,20% Off. Was £1.30,Dietary & Lifestyle
016617,Waitrose & Partners Fairtrade French style coffee beans,G,false,1750,https://ecom-su-static-prod.wtrecom.com/images/products/3/LN_016617_BP_3.jpg,https://www.waitrose.com/ecom/products/waitrose-partners-fairtrade-french-style-coffee-beans/016617-7983-7984,Waitrose & Partners Fairtrade French style coffee beans,227g,£3.00,£1.33/100g,,Dietary & Lifestyle
665816,Goodies Mini Cheese Crackers Snacks,G,false,1751,https://ecom-su-static-prod.wtrecom.com/images/products/3/LN_665816_BP_3.jpg,https://www.waitrose.com/ecom/products/goodies-mini-cheese-crackers-snacks/665816-174601-174602,Goodies Mini Cheese Crackers Snacks,4x20g,£2.60,£3.25/100g,,Dietary & Lifestyle
653525,Waitrose Milk Chocolate Smothered Honeycomb,G,false,1752,https://ecom-su-static-prod.wtrecom.com/images/products/3/LN_653525_BP_3.jpg,https://www.waitrose.com/ecom/products/waitrose-milk-chocolate-smothered-honeycomb/653525-662824-662825,Waitrose Milk Chocolate Smothered Honeycomb,100g,£3.00,£3/100g,,Dietary & Lifestyle
713094,BEAR Giant Yoyo Strawberry & Mango,G,true,1753,https://ecom-su-static-prod.wtrecom.com/images/products/3/LN_713094_BP_3.jpg,https://www.waitrose.com/ecom/products/bear-giant-yoyo-strawberry-mango/713094-728406-728407,BEAR Giant Yoyo Strawberry & Mango,5s,£2.00,40p each,save 85p. Was £2.85,Dietary & Lifestyle
055532,Waitrose Pearl Barley,G,false,1754,https://ecom-su-static-prod.wtrecom.com/images/products/3/LN_055532_BP_3.jpg,https://www.waitrose.com/ecom/products/waitrose-pearl-barley/055532-27877-27878,Waitrose Pearl Barley,500g,£1.00,£2/kg,,Dietary & Lifestyle
653330,Higgidy Porcini Mushroom & Spinach Quiche,G,true,1755,https://ecom-su-static-prod.wtrecom.com/images/products/3/LN_653330_BP_3.jpg,https://www.waitrose.com/ecom/products/higgidy-porcini-mushroom-spinach-quiche/653330-745229-745230,Higgidy Porcini Mushroom & Spinach Quiche,155g,£2.50,£1.62/100g,save £1.00. Was £3.50,Dietary & Lifestyle
741387,Essential Roasted Vegetable Pizza,G,false,1756,https://ecom-su-static-prod.wtrecom.com/images/products/3/LN_741387_BP_3.jpg,https://www.waitrose.com/ecom/products/essential-roasted-vegetable-pizza/741387-824395-824396,Essential Roasted Vegetable Pizza,280g,£1.40,£5/kg,,Dietary & Lifestyle
715716,Dorset Cereals Chocolate Cherry Granola,G,false,1757,https://ecom-su-static-prod.wtrecom.com/images/products/3/LN_715716_BP_3.jpg,https://www.waitrose.com/ecom/products/dorset-cereals-chocolate-cherry-granola/715716-808080-808081,Dorset Cereals Chocolate Cherry Granola,450g,£3.75,83.3p/100g,,Dietary & Lifestyle
536265,Waitrose Milk Chocolate with Hazelnut Praline,G,false,1758,https://ecom-su-static-prod.wtrecom.com/images/products/3/LN_536265_BP_3.jpg,https://www.waitrose.com/ecom/products/waitrose-milk-chocolate-with-hazelnut-praline/536265-708551-708552,Waitrose Milk Chocolate with Hazelnut Praline,90g,£2.00,£2.23/100g,,Dietary & Lifestyle
081060,Clipper Organic Sleep Easy Herbal Tea Bags 20s,G,true,1759,https://ecom-su-static-prod.wtrecom.com/images/products/3/LN_081060_BP_3.jpg,https://www.waitrose.com/ecom/products/clipper-organic-sleep-easy-herbal-tea-bags-20s/081060-41249-41250,Clipper Organic Sleep Easy Herbal Tea Bags 20s,40g,£1.65,£4.13/100g,save 45p. Was £2.10,Dietary & Lifestyle
838422,Deliciously Ella Gluten Free & Vegan Cacao & Almond,G,true,1760,https://ecom-su-static-prod.wtrecom.com/images/products/3/LN_838422_BP_3.jpg,https://www.waitrose.com/ecom/products/deliciously-ella-gluten-free-vegan-cacao-almond/838422-524293-524294,Deliciously Ella Gluten Free & Vegan Cacao & Almond,40g,£1.00,£2.50/100g,save 85p. Was £1.85,Dietary & Lifestyle
764835,Waitrose Treacle Tart,G,false,1761,https://ecom-su-static-prod.wtrecom.com/images/products/3/LN_764835_BP_3.jpg,https://www.waitrose.com/ecom/products/waitrose-treacle-tart/764835-108755-108756,Waitrose Treacle Tart,300g,£3.35,£1.12/100g,,Dietary & Lifestyle
699158,Organix Jammie Monsters Biscuits,G,true,1762,https://ecom-su-static-prod.wtrecom.com/images/products/3/LN_699158_BP_3.jpg,https://www.waitrose.com/ecom/products/organix-jammie-monsters-biscuits/699158-690350-690351,Organix Jammie Monsters Biscuits,64g,£2.95,£4.61/100g,Add 2 for £5,Dietary & Lifestyle
749455,"Innocent Kids Strawberries, Raspberries & Apples Fruit Smoothies",G,true,1763,https://ecom-su-static-prod.wtrecom.com/images/products/3/LN_749455_BP_3.jpg,https://www.waitrose.com/ecom/products/innocent-kids-strawberries-raspberries-apples-fruit-smoothies/749455-722399-722400,"Innocent Kids Strawberries, Raspberries & Apples Fruit Smoothies",10x150ml,£5.50,36.7p/100ml,save £1.85. Was £7.35,Dietary & Lifestyle
704196,No.1 Pappardelle,G,false,1764,https://ecom-su-static-prod.wtrecom.com/images/products/3/LN_704196_BP_3.jpg,https://www.waitrose.com/ecom/products/no1-pappardelle/704196-793262-793263,No.1 Pappardelle,350g,£2.70,77.1p/100g,,Dietary & Lifestyle
483497,Waitrose Tomato & Basil Soup,G,false,1765,https://ecom-su-static-prod.wtrecom.com/images/products/3/LN_483497_BP_3.jpg,https://www.waitrose.com/ecom/products/waitrose-tomato-basil-soup/483497-696498-696499,Waitrose Tomato & Basil Soup,400g,£1.10,27.5p/100g,,Dietary & Lifestyle
648745,Yeo Valley Mango & Passionfruit Organic Kefir Drink,G,true,1766,https://ecom-su-static-prod.wtrecom.com/images/products/3/LN_648745_BP_3.jpg,https://www.waitrose.com/ecom/products/yeo-valley-mango-passionfruit-organic-kefir-drink/648745-785748-785749,Yeo Valley Mango & Passionfruit Organic Kefir Drink,500ml,£1.75,35p/100ml,save 75p. Was £2.50,Dietary & Lifestyle
038106,Sharwood's Garlic & Coriander Poppadoms,G,false,1767,https://ecom-su-static-prod.wtrecom.com/images/products/3/LN_038106_BP_3.jpg,https://www.waitrose.com/ecom/products/sharwoods-garlic-coriander-poppadoms/038106-19028-19029,Sharwood's Garlic & Coriander Poppadoms,8s,£2.35,29.4p each,,Dietary & Lifestyle
472714,Cauldron Original Tofu,G,false,1768,https://ecom-su-static-prod.wtrecom.com/images/products/3/LN_472714_BP_3.jpg,https://www.waitrose.com/ecom/products/cauldron-original-tofu/472714-66684-66685,Cauldron Original Tofu,396g,£2.90,£7.33/kg,,Dietary & Lifestyle
786959,Little Moons Chocolate Hazelnut Mochi,G,false,1769,https://ecom-su-static-prod.wtrecom.com/images/products/3/LN_786959_BP_3.jpg,https://www.waitrose.com/ecom/products/little-moons-chocolate-hazelnut-mochi/786959-777190-777191,Little Moons Chocolate Hazelnut Mochi,6x32g,£5.00,£2.61/100g,,Dietary & Lifestyle
564785,Thomson & Scott Noughty Sparkling Alcohol Free,G,true,1770,https://ecom-su-static-prod.wtrecom.com/images/products/3/LN_564785_BP_3.jpg,https://www.waitrose.com/ecom/products/thomson-scott-noughty-sparkling-alcohol-free/564785-743792-743793,Thomson & Scott Noughty Sparkling Alcohol Free,75cl,£8.50,£8.50/75cl,save £1.00. Was £9.50,Dietary & Lifestyle
832059,THIS Isn't Beef Plant-Based Burgers,G,false,1771,https://ecom-su-static-prod.wtrecom.com/images/products/3/LN_832059_BP_3.jpg,https://www.waitrose.com/ecom/products/this-isnt-beef-plant-based-burgers/832059-794608-794609,THIS Isn't Beef Plant-Based Burgers,226g,£3.60,£15.93/kg,,Dietary & Lifestyle
851574,Waitrose Free From Gluten Triple Choc Cookies,G,false,1772,https://ecom-su-static-prod.wtrecom.com/images/products/3/LN_851574_BP_3.jpg,https://www.waitrose.com/ecom/products/waitrose-free-from-gluten-triple-choc-cookies/851574-745573-745574,Waitrose Free From Gluten Triple Choc Cookies,150g,£2.85,£1.90/100g,,Dietary & Lifestyle
882955,Heinz Tomato Ketchup No Added Sugar & Salt,G,true,1773,https://ecom-su-static-prod.wtrecom.com/images/products/3/LN_882955_BP_3.jpg,https://www.waitrose.com/ecom/products/heinz-tomato-ketchup-no-added-sugar-salt/882955-663310-663311,Heinz Tomato Ketchup No Added Sugar & Salt,425g,£2.50,58.8p/100g,save 50p. Was £3.00,Dietary & Lifestyle
842029,"Innocent Kids Peaches, Passion Fruits & Oranges Fruit Smoothies",G,false,1774,https://ecom-su-static-prod.wtrecom.com/images/products/3/LN_842029_BP_3.jpg,https://www.waitrose.com/ecom/products/innocent-kids-peaches-passion-fruits-oranges-fruit-smoothies/842029-722590-722591,"Innocent Kids Peaches, Passion Fruits & Oranges Fruit Smoothies",4x150ml,£3.80,63.3p/100ml,,Dietary & Lifestyle
737090,Bounce Gluten Free Millionaire Protein Ball,G,false,1775,https://ecom-su-static-prod.wtrecom.com/images/products/3/LN_737090_BP_3.jpg,https://www.waitrose.com/ecom/products/bounce-gluten-free-millionaire-protein-ball/737090-750629-750630,Bounce Gluten Free Millionaire Protein Ball,40g,£2.20,£5.50/100g,,Dietary & Lifestyle
618081,Charlie Bigham's Four Cheese Macaroni For 2,G,false,1776,https://ecom-su-static-prod.wtrecom.com/images/products/3/LN_618081_BP_3.jpg,https://www.waitrose.com/ecom/products/charlie-bighams-four-cheese-macaroni-for-2/618081-816342-816343,Charlie Bigham's Four Cheese Macaroni For 2,670g,£8.50,£1.27/100g,,Dietary & Lifestyle
424351,Lizis Low Sugar Maple & Pecan Granola,G,true,1777,https://ecom-su-static-prod.wtrecom.com/images/products/3/LN_424351_BP_3.jpg,https://www.waitrose.com/ecom/products/lizis-low-sugar-maple-pecan-granola/424351-693607-693608,Lizis Low Sugar Maple & Pecan Granola,450g,£2.65,58.9p/100g,Save 1/3. Was £4.20,Dietary & Lifestyle
450692,Waitrose Indian Vegetable Masala Curry for 2,G,false,1778,https://ecom-su-static-prod.wtrecom.com/images/products/3/LN_450692_BP_3.jpg,https://www.waitrose.com/ecom/products/waitrose-indian-vegetable-masala-curry-for-2/450692-373081-373082,Waitrose Indian Vegetable Masala Curry for 2,350g,£4.95,£14.15/kg,,Dietary & Lifestyle
631813,Waitrose Indian Tarka Dal,G,false,1779,https://ecom-su-static-prod.wtrecom.com/images/products/3/LN_631813_BP_3.jpg,https://www.waitrose.com/ecom/products/waitrose-indian-tarka-dal/631813-170834-170835,Waitrose Indian Tarka Dal,300g,£2.85,£9.50/kg,,Dietary & Lifestyle
837689,Nairn's Gluten Free Rosemary Flatbreads,G,false,1780,https://ecom-su-static-prod.wtrecom.com/images/products/3/LN_837689_BP_3.jpg,https://www.waitrose.com/ecom/products/nairns-gluten-free-rosemary-flatbreads/837689-663174-663175,Nairn's Gluten Free Rosemary Flatbreads,150g,£2.10,£1.40/100g,,Dietary & Lifestyle
038051,Waitrose Hazelnuts,G,false,1781,https://ecom-su-static-prod.wtrecom.com/images/products/3/LN_038051_BP_3.jpg,https://www.waitrose.com/ecom/products/waitrose-hazelnuts/038051-18996-18997,Waitrose Hazelnuts,150g,£3.25,£2.17/100g,,Dietary & Lifestyle
430193,Waitrose Rice & Wheat Flakes & Red Fruit,G,false,1782,https://ecom-su-static-prod.wtrecom.com/images/products/3/LN_430193_BP_3.jpg,https://www.waitrose.com/ecom/products/waitrose-rice-wheat-flakes-red-fruit/430193-793367-793368,Waitrose Rice & Wheat Flakes & Red Fruit,375g,£2.00,53.3p/100g,,Dietary & Lifestyle
496175,TRIP CBD Peach Ginger,G,false,1783,https://ecom-su-static-prod.wtrecom.com/images/products/3/LN_496175_BP_3.jpg,https://www.waitrose.com/ecom/products/trip-cbd-peach-ginger/496175-791825-791826,TRIP CBD Peach Ginger,4x250ml,£6.50,65p/100ml,,Dietary & Lifestyle
560069,Crosta & Mollica Linguette Classic,G,false,1784,https://ecom-su-static-prod.wtrecom.com/images/products/3/LN_560069_BP_3.jpg,https://www.waitrose.com/ecom/products/crosta-mollica-linguette-classic/560069-79305-79306,Crosta & Mollica Linguette Classic,150g,£2.50,£1.67/100g,,Dietary & Lifestyle
469619,Oatly Oat Milk Dairy Free Skinny Milk Alternative,G,false,1785,https://ecom-su-static-prod.wtrecom.com/images/products/3/LN_469619_BP_3.jpg,https://www.waitrose.com/ecom/products/oatly-oat-milk-dairy-free-skinny-milk-alternative/469619-677218-677219,Oatly Oat Milk Dairy Free Skinny Milk Alternative,1litre,£2.20,£2.20/litre,,Dietary & Lifestyle
611456,Lily's Kitchen Organic Chicken Paté Wet Food for Cats,G,false,1786,https://ecom-su-static-prod.wtrecom.com/images/products/3/LN_611456_BP_3.jpg,https://www.waitrose.com/ecom/products/lilys-kitchen-organic-chicken-pate-wet-food-for-cats/611456-527226-527227,Lily's Kitchen Organic Chicken Paté Wet Food for Cats,85g,£1.25,£14.71/kg,,Dietary & Lifestyle
867393,Walkers Sensations Mango & Chilli Chutney Sharing Poppadoms,G,true,1787,https://ecom-su-static-prod.wtrecom.com/images/products/3/LN_867393_BP_3.jpg,https://www.waitrose.com/ecom/products/walkers-sensations-mango-chilli-chutney-sharing-poppadoms/867393-618255-618256,Walkers Sensations Mango & Chilli Chutney Sharing Poppadoms,82.5g,£1.50,£1.82/100g,save £1.00. Was £2.50,Dietary & Lifestyle
620956,Waitrose Assam 100 Tea Bags,G,false,1788,https://ecom-su-static-prod.wtrecom.com/images/products/3/LN_620956_BP_3.jpg,https://www.waitrose.com/ecom/products/waitrose-assam-100-tea-bags/620956-381214-381215,Waitrose Assam 100 Tea Bags,250g,£3.00,£1.20/100g,,Dietary & Lifestyle
819759,Meridian Crunchy Peanut Butter,G,false,1789,https://ecom-su-static-prod.wtrecom.com/images/products/3/LN_819759_BP_3.jpg,https://www.waitrose.com/ecom/products/meridian-crunchy-peanut-butter/819759-464680-464681,Meridian Crunchy Peanut Butter,280g,£2.95,£1.06/100g,,Dietary & Lifestyle
540576,Waitrose Lentils,G,false,1790,https://ecom-su-static-prod.wtrecom.com/images/products/3/LN_540576_BP_3.jpg,https://www.waitrose.com/ecom/products/waitrose-lentils/540576-780069-780070,Waitrose Lentils,500g,£1.55,£3.10/kg,,Dietary & Lifestyle
815695,Mr Organic Italian Organic Ketchup,G,false,1791,https://ecom-su-static-prod.wtrecom.com/images/products/3/LN_815695_BP_3.jpg,https://www.waitrose.com/ecom/products/mr-organic-italian-organic-ketchup/815695-580236-580237,Mr Organic Italian Organic Ketchup,480g,£3.50,72.9p/100g,,Dietary & Lifestyle
569109,Cooks' Ingredients Tamarind Paste,G,false,1792,https://ecom-su-static-prod.wtrecom.com/images/products/3/LN_569109_BP_3.jpg,https://www.waitrose.com/ecom/products/cooks-ingredients-tamarind-paste/569109-80590-80591,Cooks' Ingredients Tamarind Paste,100g,£2.00,£2/100g,,Dietary & Lifestyle
652559,Higgidy Feta & Red Pepper Rolls,G,true,1793,https://ecom-su-static-prod.wtrecom.com/images/products/3/LN_652559_BP_3.jpg,https://www.waitrose.com/ecom/products/higgidy-feta-red-pepper-rolls/652559-550129-550130,Higgidy Feta & Red Pepper Rolls,160g,£2.50,£1.57/100g,save 95p. Was £3.45,Dietary & Lifestyle
507758,Linwoods Flaxseed Almonds Brazil & Q10,G,false,1794,https://ecom-su-static-prod.wtrecom.com/images/products/3/LN_507758_BP_3.jpg,https://www.waitrose.com/ecom/products/linwoods-flaxseed-almonds-brazil-q10/507758-71746-71747,Linwoods Flaxseed Almonds Brazil & Q10,360g,£6.60,£1.84/100g,,Dietary & Lifestyle
552933,Kellogg's Coco Pops Chocolate Breakfast Cereal,G,false,1795,https://ecom-su-static-prod.wtrecom.com/images/products/3/LN_552933_BP_3.jpg,https://www.waitrose.com/ecom/products/kelloggs-coco-pops-chocolate-breakfast-cereal/552933-127539-127540,Kellogg's Coco Pops Chocolate Breakfast Cereal,650g,£4.75,73.1p/100g,,Dietary & Lifestyle
619072,MOTH Espresso Martini,G,true,1796,https://ecom-su-static-prod.wtrecom.com/images/products/3/LN_619072_BP_3.jpg,https://www.waitrose.com/ecom/products/moth-espresso-martini/619072-746567-746568,MOTH Espresso Martini,125ml,£3.99,£31.92/litre,Mix & Match Add 4 for 3 Cheapest Item Free,Dietary & Lifestyle
085519,Duchy Organic White Cabbage,G,false,1797,https://ecom-su-static-prod.wtrecom.com/images/products/3/LN_085519_BP_3.jpg,https://www.waitrose.com/ecom/products/duchy-organic-white-cabbage/085519-43604-43605,Duchy Organic White Cabbage,Typical weight 0.69kg,£1.32 each est.,£1.90/kg,,Dietary & Lifestyle
578805,Freee By Doves Farm GF Self Raising Flour,G,false,1798,https://ecom-su-static-prod.wtrecom.com/images/products/3/LN_578805_BP_3.jpg,https://www.waitrose.com/ecom/products/freee-by-doves-farm-gf-self-raising-flour/578805-81990-81991,Freee By Doves Farm GF Self Raising Flour,1kg,£2.00,£2/kg,,Dietary & Lifestyle
809840,Waitrose Chocolate Sponge Puddings,G,true,1799,https://ecom-su-static-prod.wtrecom.com/images/products/3/LN_809840_BP_3.jpg,https://www.waitrose.com/ecom/products/waitrose-chocolate-sponge-puddings/809840-691970-691971,Waitrose Chocolate Sponge Puddings,2x105g,£2.95,£1.41/100g,£8 Chicken Dinner Meal Deal: Add 1 Main & 2 Extras,Dietary & Lifestyle
611803,Duchy Organic Frozen Raspberries,G,false,1800,https://ecom-su-static-prod.wtrecom.com/images/products/3/LN_611803_BP_3.jpg,https://www.waitrose.com/ecom/products/duchy-organic-frozen-raspberries/611803-86803-86804,Duchy Organic Frozen Raspberries,200g,£3.80,£19/kg,,Dietary & Lifestyle
017472,Baxters Chef Selections Cream of Asparagus,G,false,1801,https://ecom-su-static-prod.wtrecom.com/images/products/3/LN_017472_BP_3.jpg,https://www.waitrose.com/ecom/products/baxters-chef-selections-cream-of-asparagus/017472-8474-8475,Baxters Chef Selections Cream of Asparagus,400g,£2.65,66.3p/100g,,Dietary & Lifestyle
088184,Essential Peach,G,false,1802,https://ecom-su-static-prod.wtrecom.com/images/products/3/LN_088184_BP_3.jpg,https://www.waitrose.com/ecom/products/essential-peach/088184-45154-45155,Essential Peach,Each,70p,70p each,,Dietary & Lifestyle
783659,Actimel Immunity Strawberry & Blueberry Live Yogurt Drinks,G,true,1803,https://ecom-su-static-prod.wtrecom.com/images/products/3/LN_783659_BP_3.jpg,https://www.waitrose.com/ecom/products/actimel-immunity-strawberry-blueberry-live-yogurt-drinks/783659-337147-337147,Actimel Immunity Strawberry & Blueberry Live Yogurt Drinks,12x100g,£3.00,25p/100g,save £1.75. Was £4.75,Dietary & Lifestyle
891133,KIND Protein Dark Chocolate Nut,G,true,1804,https://ecom-su-static-prod.wtrecom.com/images/products/3/LN_891133_BP_3.jpg,https://www.waitrose.com/ecom/products/kind-protein-dark-chocolate-nut/891133-772704-772705,KIND Protein Dark Chocolate Nut,3x42g,£3.00,£2.39/100g,save 75p. Was £3.75,Dietary & Lifestyle
852917,MOTH Mojito,G,true,1805,https://ecom-su-static-prod.wtrecom.com/images/products/3/LN_852917_BP_3.jpg,https://www.waitrose.com/ecom/products/moth-mojito/852917-769280-769281,MOTH Mojito,200ml,£3.99,£19.95/litre,Mix & Match Add 4 for 3 Cheapest Item Free,Dietary & Lifestyle
526532,Crosta & Mollica Pizzeria Fiorentina Pizza,G,true,1806,https://ecom-su-static-prod.wtrecom.com/images/products/3/LN_526532_BP_3.jpg,https://www.waitrose.com/ecom/products/crosta-mollica-pizzeria-fiorentina-pizza/526532-702683-702684,Crosta & Mollica Pizzeria Fiorentina Pizza,443g,£4.50,£10.16/kg,25% Off. Was £6.00,Dietary & Lifestyle
446346,Innocent Strawberries & Bananas Fruit Smoothie Large,G,true,1807,https://ecom-su-static-prod.wtrecom.com/images/products/3/LN_446346_BP_3.jpg,https://www.waitrose.com/ecom/products/innocent-strawberries-bananas-fruit-smoothie-large/446346-138685-138686,Innocent Strawberries & Bananas Fruit Smoothie Large,750ml,£2.50,33.3p/100ml,save £1.20. Was £3.70,Dietary & Lifestyle
809759,Tilda White & Brown Basmati Rice,G,false,1808,https://ecom-su-static-prod.wtrecom.com/images/products/3/LN_809759_BP_3.jpg,https://www.waitrose.com/ecom/products/tilda-white-brown-basmati-rice/809759-149823-149824,Tilda White & Brown Basmati Rice,250g,£1.65,£6.60/kg,,Dietary & Lifestyle
016432,No.1 Java Ground Coffee,G,false,1809,https://ecom-su-static-prod.wtrecom.com/images/products/3/LN_016432_BP_3.jpg,https://www.waitrose.com/ecom/products/no1-java-ground-coffee/016432-7874-7875,No.1 Java Ground Coffee,227g,£4.00,£1.77/100g,,Dietary & Lifestyle
423329,Waitrose Popcorn Maize,G,false,1810,https://ecom-su-static-prod.wtrecom.com/images/products/3/LN_423329_BP_3.jpg,https://www.waitrose.com/ecom/products/waitrose-popcorn-maize/423329-491905-491906,Waitrose Popcorn Maize,500g,£1.95,39p/100g,,Dietary & Lifestyle
849117,Cocos Organic Coconut Kefir Drink,G,true,1811,https://ecom-su-static-prod.wtrecom.com/images/products/3/LN_849117_BP_3.jpg,https://www.waitrose.com/ecom/products/cocos-organic-coconut-kefir-drink/849117-724686-724687,Cocos Organic Coconut Kefir Drink,500ml,£3.00,60p/100ml,20% Off. Was £3.75,Dietary & Lifestyle
045670,"Innocent Mangoes, Passionfruits & Apples No Added Sugar Fruit Smoothie Single",G,true,1812,https://ecom-su-static-prod.wtrecom.com/images/products/3/LN_045670_BP_3.jpg,https://www.waitrose.com/ecom/products/innocent-mangoes-passionfruits-apples-no-added-sugar-fruit-smoothie-single/045670-22500-22501,"Innocent Mangoes, Passionfruits & Apples No Added Sugar Fruit Smoothie Single",250ml,£2.10,84p/100ml,"£5 Food to Go Meal Deal: Add 1 Main, 1 Snack and 1 Drink",Dietary & Lifestyle
506906,Charlie Bigham's Coq au Vin for 2,G,false,1813,https://ecom-su-static-prod.wtrecom.com/images/products/3/LN_506906_BP_3.jpg,https://www.waitrose.com/ecom/products/charlie-bighams-coq-au-vin-for-2/506906-741078-741079,Charlie Bigham's Coq au Vin for 2,805g,£9.50,£11.81/kg,,Dietary & Lifestyle
862065,Sproud Original Unsweetened Vegan Pea-based Milk Alternative,G,false,1814,https://ecom-su-static-prod.wtrecom.com/images/products/3/LN_862065_BP_3.jpg,https://www.waitrose.com/ecom/products/sproud-original-unsweetened-vegan-pea-based-milk-alternative/862065-695252-695253,Sproud Original Unsweetened Vegan Pea-based Milk Alternative,1litre,£2.25,£2.25/litre,,Dietary & Lifestyle
746730,Waitrose New York Cheesecake with Raspberry & Passion Fruit,G,false,1815,https://ecom-su-static-prod.wtrecom.com/images/products/3/LN_746730_BP_3.jpg,https://www.waitrose.com/ecom/products/waitrose-new-york-cheesecake-with-raspberry-passion-fruit/746730-601780-601781,Waitrose New York Cheesecake with Raspberry & Passion Fruit,528g,£5.75,£1.09/100g,,Dietary & Lifestyle
817964,Higgidy Garlic Roasted Broccoli and Vintage Cheddar Quiche,G,false,1816,https://ecom-su-static-prod.wtrecom.com/images/products/3/LN_817964_BP_3.jpg,https://www.waitrose.com/ecom/products/higgidy-garlic-roasted-broccoli-and-vintage-cheddar-quiche/817964-695817-695818,Higgidy Garlic Roasted Broccoli and Vintage Cheddar Quiche,400g,£4.85,£1.22/100g,,Dietary & Lifestyle
730684,"Waitrose Cauliflower, Kale & Couscous",G,false,1817,https://ecom-su-static-prod.wtrecom.com/images/products/3/LN_730684_BP_3.jpg,https://www.waitrose.com/ecom/products/waitrose-cauliflower-kale-couscous/730684-525892-525893,"Waitrose Cauliflower, Kale & Couscous",300g,£2.50,83.3p/100g,,Dietary & Lifestyle
547479,Biotiful Gut Health Vanilla Kefir Drink,G,false,1818,https://ecom-su-static-prod.wtrecom.com/images/products/3/LN_547479_BP_3.jpg,https://www.waitrose.com/ecom/products/biotiful-gut-health-vanilla-kefir-drink/547479-785712-785713,Biotiful Gut Health Vanilla Kefir Drink,1 Litre,£3.70,37p/100ml,,Dietary & Lifestyle
448767,Bio&Me Super Seedy & Nutty Granola,G,false,1819,https://ecom-su-static-prod.wtrecom.com/images/products/3/LN_448767_BP_3.jpg,https://www.waitrose.com/ecom/products/biome-super-seedy-nutty-granola/448767-713127-713128,Bio&Me Super Seedy & Nutty Granola,360g,£4.15,£1.16/100g,,Dietary & Lifestyle
895262,FUEL 10K Chocolate Granola,G,false,1820,https://ecom-su-static-prod.wtrecom.com/images/products/3/LN_895262_BP_3.jpg,https://www.waitrose.com/ecom/products/fuel-10k-chocolate-granola/895262-803434-803435,FUEL 10K Chocolate Granola,400g,£3.25,81.3p/100g,,Dietary & Lifestyle
025050,Innocent Strawberries & Bananas Fruit Smoothie,G,true,1821,https://ecom-su-static-prod.wtrecom.com/images/products/3/LN_025050_BP_3.jpg,https://www.waitrose.com/ecom/products/innocent-strawberries-bananas-fruit-smoothie/025050-12140-12141,Innocent Strawberries & Bananas Fruit Smoothie,250ml,£2.10,84p/100ml,"£5 Food to Go Meal Deal: Add 1 Main, 1 Snack and 1 Drink",Dietary & Lifestyle
711235,Crosta & Mollica Grissini Classic,G,false,1822,https://ecom-su-static-prod.wtrecom.com/images/products/3/LN_711235_BP_3.jpg,https://www.waitrose.com/ecom/products/crosta-mollica-grissini-classic/711235-101039-101040,Crosta & Mollica Grissini Classic,140g,£2.10,£1.50/100g,,Dietary & Lifestyle
429795,Crosta & Mollica Linguette Rosemary,G,false,1823,https://ecom-su-static-prod.wtrecom.com/images/products/3/LN_429795_BP_3.jpg,https://www.waitrose.com/ecom/products/crosta-mollica-linguette-rosemary/429795-60461-60462,Crosta & Mollica Linguette Rosemary,150g,£2.50,£1.67/100g,,Dietary & Lifestyle
623629,Heinz Tomato & Basil Pasta Sauce,G,true,1824,https://ecom-su-static-prod.wtrecom.com/images/products/3/LN_623629_BP_3.jpg,https://www.waitrose.com/ecom/products/heinz-tomato-basil-pasta-sauce/623629-802584-802585,Heinz Tomato & Basil Pasta Sauce,350g,£1.50,42.9p/100g,save £1.00. Was £2.50,Dietary & Lifestyle
695362,Waitrose Golden Syrup Porridge Pot,G,false,1825,https://ecom-su-static-prod.wtrecom.com/images/products/3/LN_695362_BP_3.jpg,https://www.waitrose.com/ecom/products/waitrose-golden-syrup-porridge-pot/695362-479552-479553,Waitrose Golden Syrup Porridge Pot,70g,75p,£1.08/100g,,Dietary & Lifestyle
816360,THIS Isn't Pork Caramelised Onion Sausages,G,false,1826,https://ecom-su-static-prod.wtrecom.com/images/products/3/LN_816360_BP_3.jpg,https://www.waitrose.com/ecom/products/this-isnt-pork-caramelised-onion-sausages/816360-794606-794607,THIS Isn't Pork Caramelised Onion Sausages,270g,£3.55,£13.15/kg,,Dietary & Lifestyle
521371,Alesis Mini Filo Spinach Bites,G,false,1827,https://ecom-su-static-prod.wtrecom.com/images/products/3/LN_521371_BP_3.jpg,https://www.waitrose.com/ecom/products/alesis-mini-filo-spinach-bites/521371-664749-664750,Alesis Mini Filo Spinach Bites,320g,£3.60,£11.25/kg,,Dietary & Lifestyle
842358,Heinz Baked Beans No Added Sugar 6 Pack,G,true,1828,https://ecom-su-static-prod.wtrecom.com/images/products/3/LN_842358_BP_3.jpg,https://www.waitrose.com/ecom/products/heinz-baked-beans-no-added-sugar-6-pack/842358-800748-800749,Heinz Baked Beans No Added Sugar 6 Pack,6x415g,£5.50,£2.21/kg,Add 2 for £9,Dietary & Lifestyle
695754,Violife Original Slices Vegan Cheese Alternative,G,false,1829,https://ecom-su-static-prod.wtrecom.com/images/products/3/LN_695754_BP_3.jpg,https://www.waitrose.com/ecom/products/violife-original-slices-vegan-cheese-alternative/695754-421835-421836,Violife Original Slices Vegan Cheese Alternative,175g,£2.85,£16.29/kg,,Dietary & Lifestyle
019531,Essential Cut Green Beans in Water,G,false,1830,https://ecom-su-static-prod.wtrecom.com/images/products/3/LN_019531_BP_3.jpg,https://www.waitrose.com/ecom/products/essential-cut-green-beans-in-water/019531-9463-9464,Essential Cut Green Beans in Water,drained 205g,£1.20,£5.86/kg,,Dietary & Lifestyle
010464,Waitrose Frozen British Summer Fruits,G,false,1831,https://ecom-su-static-prod.wtrecom.com/images/products/3/LN_010464_BP_3.jpg,https://www.waitrose.com/ecom/products/waitrose-frozen-british-summer-fruits/010464-5228-5229,Waitrose Frozen British Summer Fruits,300g,£3.40,£11.34/kg,,Dietary & Lifestyle
607256,Good4U Super Beans Super Sprouts,G,false,1832,https://ecom-su-static-prod.wtrecom.com/images/products/3/LN_607256_BP_3.jpg,https://www.waitrose.com/ecom/products/good4u-super-beans-super-sprouts/607256-451700-451701,Good4U Super Beans Super Sprouts,150g,£1.50,£1/100g,,Dietary & Lifestyle
777904,Bio-tiful Dairy Honey & Ginger Kefir Drink,G,false,1833,https://ecom-su-static-prod.wtrecom.com/images/products/3/LN_777904_BP_3.jpg,https://www.waitrose.com/ecom/products/bio-tiful-dairy-honey-ginger-kefir-drink/777904-683953-683954,Bio-tiful Dairy Honey & Ginger Kefir Drink,250ml,£1.75,70p/100ml,,Dietary & Lifestyle
603663,Almond Breeze Barista Blend Milk Alternative,G,true,1834,https://ecom-su-static-prod.wtrecom.com/images/products/3/LN_603663_BP_3.jpg,https://www.waitrose.com/ecom/products/almond-breeze-barista-blend-milk-alternative/603663-586596-586597,Almond Breeze Barista Blend Milk Alternative,1litre,£1.56,£1.56/litre,Save 1/3. Was £2.35,Dietary & Lifestyle
006722,Waitrose Cape Raisins,G,false,1835,https://ecom-su-static-prod.wtrecom.com/images/products/3/LN_006722_BP_3.jpg,https://www.waitrose.com/ecom/products/waitrose-cape-raisins/006722-2993-2994,Waitrose Cape Raisins,500g,£3.50,£7/kg,,Dietary & Lifestyle
573086,MOMA Golden Syrup Jumbo Oat Porridge Pot Gluten Free,G,true,1836,https://ecom-su-static-prod.wtrecom.com/images/products/3/LN_573086_BP_3.jpg,https://www.waitrose.com/ecom/products/moma-golden-syrup-jumbo-oat-porridge-pot-gluten-free/573086-300861-300862,MOMA Golden Syrup Jumbo Oat Porridge Pot Gluten Free,70g,£1.35,£1.93/100g,Add 4 for £4,Dietary & Lifestyle
003543,Waitrose Large Oranges,G,false,1837,https://ecom-su-static-prod.wtrecom.com/images/products/3/LN_003543_BP_3.jpg,https://www.waitrose.com/ecom/products/waitrose-large-oranges/003543-1437-1438,Waitrose Large Oranges,10s,£5.00,50p each,,Dietary & Lifestyle
018436,Ella's Kitchen The Red One Squished Fruits,G,true,1838,https://ecom-su-static-prod.wtrecom.com/images/products/3/LN_018436_BP_3.jpg,https://www.waitrose.com/ecom/products/ellas-kitchen-the-red-one-squished-fruits/018436-8919-8920,Ella's Kitchen The Red One Squished Fruits,5x90g,£4.10,91.1p/100g,Add 2 for £6.50,Dietary & Lifestyle
411691,Waitrose Free From Gluten Muesli,G,false,1839,https://ecom-su-static-prod.wtrecom.com/images/products/3/LN_411691_BP_3.jpg,https://www.waitrose.com/ecom/products/waitrose-free-from-gluten-muesli/411691-174476-174477,Waitrose Free From Gluten Muesli,500g,£3.75,75p/100g,,Dietary & Lifestyle
404913,Sabra Houmous Za'Atar,G,false,1840,https://ecom-su-static-prod.wtrecom.com/images/products/3/LN_404913_BP_3.jpg,https://www.waitrose.com/ecom/products/sabra-houmous-zaatar/404913-653370-653371,Sabra Houmous Za'Atar,200g,£2.65,£1.33/100g,,Dietary & Lifestyle
423260,Tilda Caribbean Rice & Peas,G,true,1841,https://ecom-su-static-prod.wtrecom.com/images/products/3/LN_423260_BP_3.jpg,https://www.waitrose.com/ecom/products/tilda-caribbean-rice-peas/423260-668837-668838,Tilda Caribbean Rice & Peas,250g,£1.00,£4/kg,save 85p. Was £1.85,Dietary & Lifestyle
628564,Lazy Day Gluten Free & Vegan Dark Chocolate Tiffin,G,false,1842,https://ecom-su-static-prod.wtrecom.com/images/products/3/LN_628564_BP_3.jpg,https://www.waitrose.com/ecom/products/lazy-day-gluten-free-vegan-dark-chocolate-tiffin/628564-89230-89231,Lazy Day Gluten Free & Vegan Dark Chocolate Tiffin,150g,£2.65,£1.77/100g,,Dietary & Lifestyle
701552,Waitrose Cooked Tikka Chicken Mini Fillets,G,false,1843,https://ecom-su-static-prod.wtrecom.com/images/products/3/LN_701552_BP_3.jpg,https://www.waitrose.com/ecom/products/waitrose-cooked-tikka-chicken-mini-fillets/701552-311288-311289,Waitrose Cooked Tikka Chicken Mini Fillets,165g,£4.25,£2.58/100g,,Dietary & Lifestyle
041634,Swedish Glace Dairy Free Raspberry Ice Cream Tub,G,false,1844,https://ecom-su-static-prod.wtrecom.com/images/products/3/LN_041634_BP_3.jpg,https://www.waitrose.com/ecom/products/swedish-glace-dairy-free-raspberry-ice-cream-tub/041634-20626-20627,Swedish Glace Dairy Free Raspberry Ice Cream Tub,750ml,£3.15,42p/100ml,,Dietary & Lifestyle
547673,Yeo Valley Cherry Organic Kefir Drink,G,true,1845,https://ecom-su-static-prod.wtrecom.com/images/products/3/LN_547673_BP_3.jpg,https://www.waitrose.com/ecom/products/yeo-valley-cherry-organic-kefir-drink/547673-785714-785715,Yeo Valley Cherry Organic Kefir Drink,500ml,£1.75,35p/100ml,save 75p. Was £2.50,Dietary & Lifestyle
097413,Waitrose Chinese Beef In Black Bean Sauce for 2,G,true,1846,https://ecom-su-static-prod.wtrecom.com/images/products/3/LN_097413_BP_3.jpg,https://www.waitrose.com/ecom/products/waitrose-chinese-beef-in-black-bean-sauce-for-2/097413-49741-49742,Waitrose Chinese Beef In Black Bean Sauce for 2,350g,£5.10,£14.58/kg,£12 South East & East Asian Meal Deal : Add 2 Mains & 2 Sides,Dietary & Lifestyle
042167,Alpro Vanilla Dairy Free Vegan Soya Dessert,G,false,1847,https://ecom-su-static-prod.wtrecom.com/images/products/3/LN_042167_BP_3.jpg,https://www.waitrose.com/ecom/products/alpro-vanilla-dairy-free-vegan-soya-dessert/042167-20884-20885,Alpro Vanilla Dairy Free Vegan Soya Dessert,4x125g,£2.10,42p/100g,,Dietary & Lifestyle
696252,"Waitrose Gut Health Mixed Berry, Mango & Passionfruit Kefir Yogurts",G,false,1848,https://ecom-su-static-prod.wtrecom.com/images/products/3/LN_696252_BP_3.jpg,https://www.waitrose.com/ecom/products/waitrose-gut-health-mixed-berry-mango-passionfruit-kefir-yogurts/696252-822514-822514,"Waitrose Gut Health Mixed Berry, Mango & Passionfruit Kefir Yogurts",4x125g,£1.80,36p/100g,,Dietary & Lifestyle
435989,No.1 Rigatoni,G,false,1849,https://ecom-su-static-prod.wtrecom.com/images/products/3/LN_435989_BP_3.jpg,https://www.waitrose.com/ecom/products/no1-rigatoni/435989-793210-793211,No.1 Rigatoni,350g,£2.70,77.1p/100g,,Dietary & Lifestyle
842402,Waitrose Frozen British Hake Fillet Portions,G,false,1850,https://ecom-su-static-prod.wtrecom.com/images/products/3/LN_842402_BP_3.jpg,https://www.waitrose.com/ecom/products/waitrose-frozen-british-hake-fillet-portions/842402-679285-679286,Waitrose Frozen British Hake Fillet Portions,280g,£6.00,£21.43/kg,,Dietary & Lifestyle
772819,Urban Fruit No Added Sugar Baked Pineapple,G,true,1851,https://ecom-su-static-prod.wtrecom.com/images/products/3/LN_772819_BP_3.jpg,https://www.waitrose.com/ecom/products/urban-fruit-no-added-sugar-baked-pineapple/772819-271452-271453,Urban Fruit No Added Sugar Baked Pineapple,100g,£2.75,£2.75/100g,Add 2 for £4.20,Dietary & Lifestyle
058002,Volvic Still Mineral Water,G,false,1852,https://ecom-su-static-prod.wtrecom.com/images/products/3/LN_058002_BP_3.jpg,https://www.waitrose.com/ecom/products/volvic-still-mineral-water/058002-29106-29107,Volvic Still Mineral Water,1.5litre,£1.20,8p/100ml,,Dietary & Lifestyle
086115,Cooks' Ingredients Bay Leaf,G,false,1853,https://ecom-su-static-prod.wtrecom.com/images/products/3/LN_086115_BP_3.jpg,https://www.waitrose.com/ecom/products/cooks-ingredients-bay-leaf/086115-43943-43944,Cooks' Ingredients Bay Leaf,10s,75p,7.5p each,,Dietary & Lifestyle
088961,Duchy Organic Easy Peelers,G,false,1854,https://ecom-su-static-prod.wtrecom.com/images/products/3/LN_088961_BP_3.jpg,https://www.waitrose.com/ecom/products/duchy-organic-easy-peelers/088961-427087-45734,Duchy Organic Easy Peelers,600g,£2.50,£4.17/kg,,Dietary & Lifestyle
522695,Encore Chicken & Brown Rice,G,false,1855,https://ecom-su-static-prod.wtrecom.com/images/products/3/LN_522695_BP_3.jpg,https://www.waitrose.com/ecom/products/encore-chicken-brown-rice/522695-118900-118901,Encore Chicken & Brown Rice,70g,£1.15,£16.43/kg,,Dietary & Lifestyle
584524,Booja-Booja Vegan Choc Salted Caramel Ice Cream,G,false,1856,https://ecom-su-static-prod.wtrecom.com/images/products/3/LN_584524_BP_3.jpg,https://www.waitrose.com/ecom/products/booja-booja-vegan-choc-salted-caramel-ice-cream/584524-801898-801899,Booja-Booja Vegan Choc Salted Caramel Ice Cream,465ml,£5.75,£1.24/100ml,,Dietary & Lifestyle
087725,Crespo Pitted Dry Black Olives,G,false,1857,https://ecom-su-static-prod.wtrecom.com/images/products/3/LN_087725_BP_3.jpg,https://www.waitrose.com/ecom/products/crespo-pitted-dry-black-olives/087725-44860-44861,Crespo Pitted Dry Black Olives,110g,£2.80,£2.55/100g,,Dietary & Lifestyle
449437,Tilda Mushroom Basmati Rice,G,true,1858,https://ecom-su-static-prod.wtrecom.com/images/products/3/LN_449437_BP_3.jpg,https://www.waitrose.com/ecom/products/tilda-mushroom-basmati-rice/449437-63306-63307,Tilda Mushroom Basmati Rice,250g,£1.00,£4/kg,save 85p. Was £1.85,Dietary & Lifestyle
061170,"Dorset Cereals Fruit,Nut & Seed Muesli Cereal",G,false,1859,https://ecom-su-static-prod.wtrecom.com/images/products/3/LN_061170_BP_3.jpg,https://www.waitrose.com/ecom/products/dorset-cereals-fruit-nut-seed-muesli-cereal/061170-30942-30943,"Dorset Cereals Fruit,Nut & Seed Muesli Cereal",600g,£4.20,70p/100g,,Dietary & Lifestyle
019619,Essential Baby Carrots in Water,G,false,1860,https://ecom-su-static-prod.wtrecom.com/images/products/3/LN_019619_BP_3.jpg,https://www.waitrose.com/ecom/products/essential-baby-carrots-in-water/019619-9526-9527,Essential Baby Carrots in Water,drained 265g,85p,£3.21/kg,,Dietary & Lifestyle
765856,MOTH Pina Colada,G,true,1861,https://ecom-su-static-prod.wtrecom.com/images/products/3/LN_765856_BP_3.jpg,https://www.waitrose.com/ecom/products/moth-pina-colada/765856-791195-791196,MOTH Pina Colada,200ml,£3.99,£19.95/litre,Mix & Match Add 4 for 3 Cheapest Item Free,Dietary & Lifestyle
518142,Waitrose Bircher Muesli,G,false,1862,https://ecom-su-static-prod.wtrecom.com/images/products/3/LN_518142_BP_3.jpg,https://www.waitrose.com/ecom/products/waitrose-bircher-muesli/518142-136333-136334,Waitrose Bircher Muesli,750g,£4.00,53.3p/100g,,Dietary & Lifestyle
587483,Waitrose Free From Gluten Sourdough,G,false,1863,https://ecom-su-static-prod.wtrecom.com/images/products/3/LN_587483_BP_3.jpg,https://www.waitrose.com/ecom/products/waitrose-free-from-gluten-sourdough/587483-678049-678050,Waitrose Free From Gluten Sourdough,375g,£3.50,93.3p/100g,,Dietary & Lifestyle
890642,nakd. Salted Caramel Fruit & Nut Bars Multipack,G,false,1864,https://ecom-su-static-prod.wtrecom.com/images/products/3/LN_890642_BP_3.jpg,https://www.waitrose.com/ecom/products/nakd-salted-caramel-fruit-nut-bars-multipack/890642-684489-684490,nakd. Salted Caramel Fruit & Nut Bars Multipack,4x35g,£3.15,£2.25/100g,,Dietary & Lifestyle
029467,Baxters Vegetarian Soup Carrot & Butterbean,G,false,1865,https://ecom-su-static-prod.wtrecom.com/images/products/3/LN_029467_BP_3.jpg,https://www.waitrose.com/ecom/products/baxters-vegetarian-soup-carrot-butterbean/029467-14419-14420,Baxters Vegetarian Soup Carrot & Butterbean,400g,£2.10,52.5p/100g,,Dietary & Lifestyle
383599,Cauldron Moroccan Spiced Falafel Bites,G,false,1866,https://ecom-su-static-prod.wtrecom.com/images/products/3/LN_383599_BP_3.jpg,https://www.waitrose.com/ecom/products/cauldron-moroccan-spiced-falafel-bites/383599-53931-53932,Cauldron Moroccan Spiced Falafel Bites,180g,£2.65,£14.73/kg,,Dietary & Lifestyle
422425,Jordans Crunchy Oat Tropical Fruits Granola,G,false,1867,https://ecom-su-static-prod.wtrecom.com/images/products/3/LN_422425_BP_3.jpg,https://www.waitrose.com/ecom/products/jordans-crunchy-oat-tropical-fruits-granola/422425-59412-59413,Jordans Crunchy Oat Tropical Fruits Granola,750g,£3.80,50.7p/100g,,Dietary & Lifestyle
064481,Freee Farm Free From Gluten Plain White Flour,G,false,1868,https://ecom-su-static-prod.wtrecom.com/images/products/3/LN_064481_BP_3.jpg,https://www.waitrose.com/ecom/products/freee-farm-free-from-gluten-plain-white-flour/064481-32732-32733,Freee Farm Free From Gluten Plain White Flour,1kg,£2.00,£2/kg,,Dietary & Lifestyle
854520,Scrumbles Chicken & Duck Natural Dog Treats 90g,G,false,1869,https://ecom-su-static-prod.wtrecom.com/images/products/3/LN_854520_BP_3.jpg,https://www.waitrose.com/ecom/products/scrumbles-chicken-duck-natural-dog-treats-90g/854520-790812-790813,Scrumbles Chicken & Duck Natural Dog Treats 90g,90g,£2.75,£30.56/kg,,Dietary & Lifestyle
017456,Waitrose Basmati Aromatic Rice,G,false,1870,https://ecom-su-static-prod.wtrecom.com/images/products/3/LN_017456_BP_3.jpg,https://www.waitrose.com/ecom/products/waitrose-basmati-aromatic-rice/017456-8458-8459,Waitrose Basmati Aromatic Rice,1kg,£3.75,£3.75/kg,,Dietary & Lifestyle
494695,Plants By Deliciously Ella Green Basil Vegan Pesto With Tofu,G,true,1871,https://ecom-su-static-prod.wtrecom.com/images/products/3/LN_494695_BP_3.jpg,https://www.waitrose.com/ecom/products/plants-by-deliciously-ella-green-basil-vegan-pesto-with-tofu/494695-802533-802534,Plants By Deliciously Ella Green Basil Vegan Pesto With Tofu,180g,£2.40,£1.34/100g,20% Off. Was £3.00,Dietary & Lifestyle
694366,Moving Mountains Plant-Based No Fish Fingers,G,true,1872,https://ecom-su-static-prod.wtrecom.com/images/products/3/LN_694366_BP_3.jpg,https://www.waitrose.com/ecom/products/moving-mountains-plant-based-no-fish-fingers/694366-745780-745781,Moving Mountains Plant-Based No Fish Fingers,300g,£3.20,£10.67/kg,Add 2 for £5,Dietary & Lifestyle
665461,Higgidy Vegan Mushroom & Spinach Rolls,G,true,1873,https://ecom-su-static-prod.wtrecom.com/images/products/3/LN_665461_BP_3.jpg,https://www.waitrose.com/ecom/products/higgidy-vegan-mushroom-spinach-rolls/665461-712723-712724,Higgidy Vegan Mushroom & Spinach Rolls,160g,£2.50,£15.63/kg,save 95p. Was £3.45,Dietary & Lifestyle
574132,HP Brown Sauce Large Bottle,G,false,1874,https://ecom-su-static-prod.wtrecom.com/images/products/3/LN_574132_BP_3.jpg,https://www.waitrose.com/ecom/products/hp-brown-sauce-large-bottle/574132-343140-343141,HP Brown Sauce Large Bottle,600g,£4.10,68.3p/100g,,Dietary & Lifestyle
004314,Wilkin & Sons Ltd Tiptree Strawberry Conserve,G,false,1875,https://ecom-su-static-prod.wtrecom.com/images/products/3/LN_004314_BP_3.jpg,https://www.waitrose.com/ecom/products/wilkin-sons-ltd-tiptree-strawberry-conserve/004314-1767-1768,Wilkin & Sons Ltd Tiptree Strawberry Conserve,340g,£3.50,£1.03/100g,,Dietary & Lifestyle
011094,Organix Melty Sweetcorn Rings,G,false,1876,https://ecom-su-static-prod.wtrecom.com/images/products/3/LN_011094_BP_3.jpg,https://www.waitrose.com/ecom/products/organix-melty-sweetcorn-rings/011094-5510-5511,Organix Melty Sweetcorn Rings,20g,85p,£4.25/100g,,Dietary & Lifestyle
038533,"Waitrose Brown Basmati, Red Camargue & Rice",G,false,1877,https://ecom-su-static-prod.wtrecom.com/images/products/3/LN_038533_BP_3.jpg,https://www.waitrose.com/ecom/products/waitrose-brown-basmati-red-camargue-rice/038533-19195-19196,"Waitrose Brown Basmati, Red Camargue & Rice",500g,£2.40,£4.80/kg,,Dietary & Lifestyle
657784,Kallo 8 Beef Stock Cubes,G,false,1878,https://ecom-su-static-prod.wtrecom.com/images/products/3/LN_657784_BP_3.jpg,https://www.waitrose.com/ecom/products/kallo-8-beef-stock-cubes/657784-305049-305050,Kallo 8 Beef Stock Cubes,88g,£2.00,£2.28/100g,,Dietary & Lifestyle
671206,Rude Health Almond Ultimate Long Life Organic Milk Alternative,G,true,1879,https://ecom-su-static-prod.wtrecom.com/images/products/3/LN_671206_BP_3.jpg,https://www.waitrose.com/ecom/products/rude-health-almond-ultimate-long-life-organic-milk-alternative/671206-657773-657774,Rude Health Almond Ultimate Long Life Organic Milk Alternative,1litre,£2.90,£2.90/litre,Add 2 for £4.40,Dietary & Lifestyle
418794,Belazu Tahini,G,false,1880,https://ecom-su-static-prod.wtrecom.com/images/products/3/LN_418794_BP_3.jpg,https://www.waitrose.com/ecom/products/belazu-tahini/418794-702433-702434,Belazu Tahini,500g,£6.95,£1.39/100g,,Dietary & Lifestyle
576608,Booja-Booja Vegan Caramel Pecan Ice Cream,G,false,1881,https://ecom-su-static-prod.wtrecom.com/images/products/3/LN_576608_BP_3.jpg,https://www.waitrose.com/ecom/products/booja-booja-vegan-caramel-pecan-ice-cream/576608-801888-801889,Booja-Booja Vegan Caramel Pecan Ice Cream,465ml,£5.75,£1.24/100ml,,Dietary & Lifestyle
079877,Ella's Kitchen Bananas & Apples,G,false,1882,https://ecom-su-static-prod.wtrecom.com/images/products/3/LN_079877_BP_3.jpg,https://www.waitrose.com/ecom/products/ellas-kitchen-bananas-apples/079877-40633-40634,Ella's Kitchen Bananas & Apples,120g,£1.35,£1.13/100g,,Dietary & Lifestyle
019709,Waitrose Chopped Tomatoes with Chopped Herbs,G,false,1883,https://ecom-su-static-prod.wtrecom.com/images/products/3/LN_019709_BP_3.jpg,https://www.waitrose.com/ecom/products/waitrose-chopped-tomatoes-with-chopped-herbs/019709-9579-9580,Waitrose Chopped Tomatoes with Chopped Herbs,400g,85p,£2.13/kg,,Dietary & Lifestyle
014364,Kellogg's Fruit 'n Fibre Breakfast Cereal,G,false,1884,https://ecom-su-static-prod.wtrecom.com/images/products/3/LN_014364_BP_3.jpg,https://www.waitrose.com/ecom/products/kelloggs-fruit-n-fibre-breakfast-cereal/014364-6898-6899,Kellogg's Fruit 'n Fibre Breakfast Cereal,375g,£2.35,62.7p/100g,,Dietary & Lifestyle
836001,Yorkshire Provender Moroccan Veg Tagine,G,true,1885,https://ecom-su-static-prod.wtrecom.com/images/products/3/LN_836001_BP_3.jpg,https://www.waitrose.com/ecom/products/yorkshire-provender-moroccan-veg-tagine/836001-526102-526103,Yorkshire Provender Moroccan Veg Tagine,560g,£2.65,47.3p/100g,save 55p. Was £3.20,Dietary & Lifestyle
079999,No1 Organic Fairtrade Peru Decaf Coffee Beans,G,false,1886,https://ecom-su-static-prod.wtrecom.com/images/products/3/LN_079999_BP_3.jpg,https://www.waitrose.com/ecom/products/no1-organic-fairtrade-peru-decaf-coffee-beans/079999-40695-40696,No1 Organic Fairtrade Peru Decaf Coffee Beans,227g,£4.00,£1.77/100g,,Dietary & Lifestyle
849800,Prewett's Gluten Free Cookies Chocolate + Ginger,G,false,1887,https://ecom-su-static-prod.wtrecom.com/images/products/3/LN_849800_BP_3.jpg,https://www.waitrose.com/ecom/products/prewetts-gluten-free-cookies-chocolate-ginger/849800-450765-450766,Prewett's Gluten Free Cookies Chocolate + Ginger,150g,£3.10,£2.07/100g,,Dietary & Lifestyle
555173,Alpro Almond Long Life Dairy Free Original Milk Alternative,G,true,1888,https://ecom-su-static-prod.wtrecom.com/images/products/3/LN_555173_BP_3.jpg,https://www.waitrose.com/ecom/products/alpro-almond-long-life-dairy-free-original-milk-alternative/555173-185127-185128,Alpro Almond Long Life Dairy Free Original Milk Alternative,1litre,£1.50,£1.50/litre,save 70p. Was £2.20,Dietary & Lifestyle
688502,Lucky Saint Alcohol Free Lager,G,true,1889,https://ecom-su-static-prod.wtrecom.com/images/products/3/LN_688502_BP_3.jpg,https://www.waitrose.com/ecom/products/lucky-saint-alcohol-free-lager/688502-783186-783187,Lucky Saint Alcohol Free Lager,330ml,£1.60,£4.85/litre,save 30p. Was £1.90,Dietary & Lifestyle
599225,Birds Eye 2 Gluten Free Southern Chicken,G,false,1890,https://ecom-su-static-prod.wtrecom.com/images/products/3/LN_599225_BP_3.jpg,https://www.waitrose.com/ecom/products/birds-eye-2-gluten-free-southern-chicken/599225-699430-699431,Birds Eye 2 Gluten Free Southern Chicken,180g,£2.90,£16.12/kg,,Dietary & Lifestyle
800521,Pip Organic Rainbow Fruity Lollies,G,true,1891,https://ecom-su-static-prod.wtrecom.com/images/products/3/LN_800521_BP_3.jpg,https://www.waitrose.com/ecom/products/pip-organic-rainbow-fruity-lollies/800521-688696-688697,Pip Organic Rainbow Fruity Lollies,6x40ml,£3.20,£1.34/100ml,20% Off. Was £4.00,Dietary & Lifestyle
734651,Gran Luchito Burrito Wraps,G,false,1892,https://ecom-su-static-prod.wtrecom.com/images/products/3/LN_734651_BP_3.jpg,https://www.waitrose.com/ecom/products/gran-luchito-burrito-wraps/734651-767083-767084,Gran Luchito Burrito Wraps,360g,£2.00,55.6p/100g,,Dietary & Lifestyle
781343,Waitrose Toasted Rice and Wheat Flakes,G,false,1893,https://ecom-su-static-prod.wtrecom.com/images/products/3/LN_781343_BP_3.jpg,https://www.waitrose.com/ecom/products/waitrose-toasted-rice-and-wheat-flakes/781343-793574-793575,Waitrose Toasted Rice and Wheat Flakes,500g,£2.00,40p/100g,,Dietary & Lifestyle
851748,Treaclemoon My Coconut Island,G,false,1894,https://ecom-su-static-prod.wtrecom.com/images/products/3/LN_851748_BP_3.jpg,https://www.waitrose.com/ecom/products/treaclemoon-my-coconut-island/851748-418141-418142,Treaclemoon My Coconut Island,500ml,£2.65,53p/100ml,,Dietary & Lifestyle
833171,Spoon Granola Cinnamon + Pecan,G,true,1895,https://ecom-su-static-prod.wtrecom.com/images/products/3/LN_833171_BP_3.jpg,https://www.waitrose.com/ecom/products/spoon-granola-cinnamon-pecan/833171-566725-566726,Spoon Granola Cinnamon + Pecan,400g,£3.35,83.8p/100g,25% Off. Was £4.50,Dietary & Lifestyle
651711,No.1 Milk Chocolate with Feuilletine & Salt,G,false,1896,https://ecom-su-static-prod.wtrecom.com/images/products/3/LN_651711_BP_3.jpg,https://www.waitrose.com/ecom/products/no1-milk-chocolate-with-feuilletine-salt/651711-706934-706935,No.1 Milk Chocolate with Feuilletine & Salt,100g,£2.25,£2.25/100g,,Dietary & Lifestyle
683861,Flora Sunflower Oil,G,false,1897,https://ecom-su-static-prod.wtrecom.com/images/products/3/LN_683861_BP_3.jpg,https://www.waitrose.com/ecom/products/flora-sunflower-oil/683861-771909-771910,Flora Sunflower Oil,2litre,£6.75,33.8p/100ml,,Dietary & Lifestyle
733213,Waitrose Free From Gluten Seeded Rolls,G,false,1898,https://ecom-su-static-prod.wtrecom.com/images/products/3/LN_733213_BP_3.jpg,https://www.waitrose.com/ecom/products/waitrose-free-from-gluten-seeded-rolls/733213-678321-678322,Waitrose Free From Gluten Seeded Rolls,4s,£3.00,75p each,,Dietary & Lifestyle
433905,Encore Tuna With Whitebait,G,false,1899,https://ecom-su-static-prod.wtrecom.com/images/products/3/LN_433905_BP_3.jpg,https://www.waitrose.com/ecom/products/encore-tuna-with-whitebait/433905-416464-416465,Encore Tuna With Whitebait,70g,£1.15,£16.43/kg,,Dietary & Lifestyle
565296,Clipper Organic Fairtrade Decaf Tea Bags 80s,G,false,1900,https://ecom-su-static-prod.wtrecom.com/images/products/3/LN_565296_BP_3.jpg,https://www.waitrose.com/ecom/products/clipper-organic-fairtrade-decaf-tea-bags-80s/565296-698028-698029,Clipper Organic Fairtrade Decaf Tea Bags 80s,232g,£5.90,£2.55/100g,,Dietary & Lifestyle
794247,Waitrose Multigrain Red Berries Porridge Pot,G,false,1901,https://ecom-su-static-prod.wtrecom.com/images/products/3/LN_794247_BP_3.jpg,https://www.waitrose.com/ecom/products/waitrose-multigrain-red-berries-porridge-pot/794247-479605-479606,Waitrose Multigrain Red Berries Porridge Pot,70g,75p,£1.08/100g,,Dietary & Lifestyle
460688,Waitrose Orange Truffle Filled Chocolate,G,false,1902,https://ecom-su-static-prod.wtrecom.com/images/products/3/LN_460688_BP_3.jpg,https://www.waitrose.com/ecom/products/waitrose-orange-truffle-filled-chocolate/460688-759010-759011,Waitrose Orange Truffle Filled Chocolate,90g,£2.00,£2.23/100g,,Dietary & Lifestyle
002233,Waitrose Love Life Red Camargue & Wild Rice,G,false,1903,https://ecom-su-static-prod.wtrecom.com/images/products/3/LN_002233_BP_3.jpg,https://www.waitrose.com/ecom/products/waitrose-love-life-red-camargue-wild-rice/002233-688-689,Waitrose Love Life Red Camargue & Wild Rice,500g,£2.40,£4.80/kg,,Dietary & Lifestyle
486422,Strong Roots Garlic Roasted Sweet Potato,G,false,1904,https://ecom-su-static-prod.wtrecom.com/images/products/3/LN_486422_BP_3.jpg,https://www.waitrose.com/ecom/products/strong-roots-garlic-roasted-sweet-potato/486422-762330-762331,Strong Roots Garlic Roasted Sweet Potato,500g,£3.65,£7.30/kg,,Dietary & Lifestyle
490042,Sabra Baba Ganoush,G,false,1905,https://ecom-su-static-prod.wtrecom.com/images/products/3/LN_490042_BP_3.jpg,https://www.waitrose.com/ecom/products/sabra-baba-ganoush/490042-653442-653443,Sabra Baba Ganoush,200g,£2.65,£1.33/100g,,Dietary & Lifestyle
671189,The Paleo Foods Co Grain-Free Pecan & Almond,G,true,1906,https://ecom-su-static-prod.wtrecom.com/images/products/3/LN_671189_BP_3.jpg,https://www.waitrose.com/ecom/products/the-paleo-foods-co-grain-free-pecan-almond/671189-442946-442947,The Paleo Foods Co Grain-Free Pecan & Almond,285g,£3.60,£1.27/100g,20% Off. Was £4.50,Dietary & Lifestyle
424592,Cooks' Ingredients White Chocolate Chips,G,false,1907,https://ecom-su-static-prod.wtrecom.com/images/products/3/LN_424592_BP_3.jpg,https://www.waitrose.com/ecom/products/cooks-ingredients-white-chocolate-chips/424592-672237-672238,Cooks' Ingredients White Chocolate Chips,100g,£1.50,£1.50/100g,,Dietary & Lifestyle
486712,Vita Coco Original Coconut Water,G,true,1908,https://ecom-su-static-prod.wtrecom.com/images/products/3/LN_486712_BP_3.jpg,https://www.waitrose.com/ecom/products/vita-coco-original-coconut-water/486712-756578-756579,Vita Coco Original Coconut Water,500ml,£2.65,53p/100ml,"£5 Food to Go Meal Deal: Add 1 Main, 1 Snack and 1 Drink",Dietary & Lifestyle
829287,Nairn's Gluten Free Oat & Ginger Biscuit Breaks,G,false,1909,https://ecom-su-static-prod.wtrecom.com/images/products/3/LN_829287_BP_3.jpg,https://www.waitrose.com/ecom/products/nairns-gluten-free-oat-ginger-biscuit-breaks/829287-450726-450727,Nairn's Gluten Free Oat & Ginger Biscuit Breaks,160g,£2.10,£1.32/100g,,Dietary & Lifestyle
468352,Crosta & Mollica Pistachio & Almond Tartufi,G,false,1910,https://ecom-su-static-prod.wtrecom.com/images/products/3/LN_468352_BP_3.jpg,https://www.waitrose.com/ecom/products/crosta-mollica-pistachio-almond-tartufi/468352-767540-767541,Crosta & Mollica Pistachio & Almond Tartufi,208g,£5.00,£2.41/100g,,Dietary & Lifestyle
829028,Tracklements Fresh Chilli Jam,G,true,1911,https://ecom-su-static-prod.wtrecom.com/images/products/3/LN_829028_BP_3.jpg,https://www.waitrose.com/ecom/products/tracklements-fresh-chilli-jam/829028-633610-633611,Tracklements Fresh Chilli Jam,210g,£3.10,£1.48/100g,20% Off. Was £3.90,Dietary & Lifestyle
730328,Higgidy Mediterranean Pepper & Feta Quiche,G,false,1912,https://ecom-su-static-prod.wtrecom.com/images/products/3/LN_730328_BP_3.jpg,https://www.waitrose.com/ecom/products/higgidy-mediterranean-pepper-feta-quiche/730328-779957-779958,Higgidy Mediterranean Pepper & Feta Quiche,400g,£4.85,£1.22/100g,,Dietary & Lifestyle
405727,Duchy Organic Original Oaten Biscuits,G,false,1913,https://ecom-su-static-prod.wtrecom.com/images/products/3/LN_405727_BP_3.jpg,https://www.waitrose.com/ecom/products/duchy-organic-original-oaten-biscuits/405727-57091-57092,Duchy Organic Original Oaten Biscuits,150g,£2.25,£1.50/100g,,Dietary & Lifestyle
840388,Mr Organic Bolognese Pasta Sauce,G,false,1914,https://ecom-su-static-prod.wtrecom.com/images/products/3/LN_840388_BP_3.jpg,https://www.waitrose.com/ecom/products/mr-organic-bolognese-pasta-sauce/840388-600946-600947,Mr Organic Bolognese Pasta Sauce,350g,£3.00,85.7p/100g,,Dietary & Lifestyle
834380,Higgidy Ham Hock & Cheddar Sausage Rolls,G,true,1915,https://ecom-su-static-prod.wtrecom.com/images/products/3/LN_834380_BP_3.jpg,https://www.waitrose.com/ecom/products/higgidy-ham-hock-cheddar-sausage-rolls/834380-758942-758943,Higgidy Ham Hock & Cheddar Sausage Rolls,160g,£2.50,£1.57/100g,save 95p. Was £3.45,Dietary & Lifestyle
829078,No.1 Salted Caramel & Belgian Chocolate Tart,G,false,1916,https://ecom-su-static-prod.wtrecom.com/images/products/3/LN_829078_BP_3.jpg,https://www.waitrose.com/ecom/products/no1-salted-caramel-belgian-chocolate-tart/829078-498216-498217,No.1 Salted Caramel & Belgian Chocolate Tart,520g,£6.50,£1.25/100g,,Dietary & Lifestyle
452301,PlantLiving: Tikka Masala with Vegetables & Cashews for 1,G,false,1917,https://ecom-su-static-prod.wtrecom.com/images/products/3/LN_452301_BP_3.jpg,https://www.waitrose.com/ecom/products/plantliving-tikka-masala-with-vegetables-cashews-for-1/452301-762640-762641,PlantLiving: Tikka Masala with Vegetables & Cashews for 1,380g,£4.00,£10.53/kg,,Dietary & Lifestyle
739401,Linda McCartney's Vegan Vegemince,G,false,1918,https://ecom-su-static-prod.wtrecom.com/images/products/3/LN_739401_BP_3.jpg,https://www.waitrose.com/ecom/products/linda-mccartneys-vegan-vegemince/739401-745351-745352,Linda McCartney's Vegan Vegemince,500g,£3.45,£6.90/kg,,Dietary & Lifestyle
566035,Innocent Blue Spark Guava & Pineapple Fruit Super Smoothie Large,G,false,1919,https://ecom-su-static-prod.wtrecom.com/images/products/3/LN_566035_BP_3.jpg,https://www.waitrose.com/ecom/products/innocent-blue-spark-guava-pineapple-fruit-super-smoothie-large/566035-722087-722088,Innocent Blue Spark Guava & Pineapple Fruit Super Smoothie Large,750ml,£4.75,63.3p/100ml,,Dietary & Lifestyle
499319,Waitrose Free From Gluten Soft White Rolls,G,false,1920,https://ecom-su-static-prod.wtrecom.com/images/products/3/LN_499319_BP_3.jpg,https://www.waitrose.com/ecom/products/waitrose-free-from-gluten-soft-white-rolls/499319-677903-677904,Waitrose Free From Gluten Soft White Rolls,4s,£3.00,75p each,,Dietary & Lifestyle
619245,Treaclemoon Limited Edition Shower Gel,G,false,1921,https://ecom-su-static-prod.wtrecom.com/images/products/3/LN_619245_BP_3.jpg,https://www.waitrose.com/ecom/products/treaclemoon-limited-edition-shower-gel/619245-667066-667067,Treaclemoon Limited Edition Shower Gel,500ml,£2.65,53p/100ml,,Dietary & Lifestyle
728355,Ella's Kitchen Mangoes Pears + Papayas,G,false,1922,https://ecom-su-static-prod.wtrecom.com/images/products/3/LN_728355_BP_3.jpg,https://www.waitrose.com/ecom/products/ellas-kitchen-mangoes-pears-papayas/728355-268184-268185,Ella's Kitchen Mangoes Pears + Papayas,120g,£1.35,£1.13/100g,,Dietary & Lifestyle
682811,Waitrose Indian Snack Selection,G,false,1923,https://ecom-su-static-prod.wtrecom.com/images/products/3/LN_682811_BP_3.jpg,https://www.waitrose.com/ecom/products/waitrose-indian-snack-selection/682811-373442-373442,Waitrose Indian Snack Selection,312g,£4.00,£12.83/kg,,Dietary & Lifestyle
604408,Waitrose Wholewheat Bulgur,G,false,1924,https://ecom-su-static-prod.wtrecom.com/images/products/3/LN_604408_BP_3.jpg,https://www.waitrose.com/ecom/products/waitrose-wholewheat-bulgur/604408-371480-371481,Waitrose Wholewheat Bulgur,250g,£1.00,£4/kg,,Dietary & Lifestyle
063005,Baileys Original Irish Cream Liqueur,G,false,1925,https://ecom-su-static-prod.wtrecom.com/images/products/3/LN_063005_BP_3.jpg,https://www.waitrose.com/ecom/products/baileys-original-irish-cream-liqueur/063005-31987-31988,Baileys Original Irish Cream Liqueur,700ml,£17.00,£24.29/litre,,Dietary & Lifestyle
831055,Crosta & Mollica Capricciosa Pizza,G,true,1926,https://ecom-su-static-prod.wtrecom.com/images/products/3/LN_831055_BP_3.jpg,https://www.waitrose.com/ecom/products/crosta-mollica-capricciosa-pizza/831055-741452-741453,Crosta & Mollica Capricciosa Pizza,465g,£4.50,£9.68/kg,25% Off. Was £6.00,Dietary & Lifestyle
690591,Bio&Me Vanilla Kefir Live Yoghurt,G,true,1927,https://ecom-su-static-prod.wtrecom.com/images/products/3/LN_690591_BP_3.jpg,https://www.waitrose.com/ecom/products/biome-vanilla-kefir-live-yoghurt/690591-788954-788955,Bio&Me Vanilla Kefir Live Yoghurt,350g,£1.50,42.9p/100g,save 70p. Was £2.20,Dietary & Lifestyle
658605,Richmond 8 Vegan Meat Free Smoked Bacon Rashers,G,true,1928,https://ecom-su-static-prod.wtrecom.com/images/products/3/LN_658605_BP_3.jpg,https://www.waitrose.com/ecom/products/richmond-8-vegan-meat-free-smoked-bacon-rashers/658605-757391-757392,Richmond 8 Vegan Meat Free Smoked Bacon Rashers,120g,£1.80,£15/kg,25% Off. Was £2.40,Dietary & Lifestyle
892824,Squeaky Bean Pastrami Style Slices,G,false,1929,https://ecom-su-static-prod.wtrecom.com/images/products/3/LN_892824_BP_3.jpg,https://www.waitrose.com/ecom/products/squeaky-bean-pastrami-style-slices/892824-723190-723191,Squeaky Bean Pastrami Style Slices,90g,£3.10,£3.45/100g,,Dietary & Lifestyle
715639,Faith in Nature Grapefruit & Orange Hand Wash,G,true,1930,https://ecom-su-static-prod.wtrecom.com/images/products/3/LN_715639_BP_3.jpg,https://www.waitrose.com/ecom/products/faith-in-nature-grapefruit-orange-hand-wash/715639-741302-741303,Faith in Nature Grapefruit & Orange Hand Wash,400ml,£3.06,76.5p/100ml,Save 1/3. Was £4.60,Dietary & Lifestyle
818911,Nairn's Gluten Free Oaties,G,false,1931,https://ecom-su-static-prod.wtrecom.com/images/products/3/LN_818911_BP_3.jpg,https://www.waitrose.com/ecom/products/nairns-gluten-free-oaties/818911-702070-702071,Nairn's Gluten Free Oaties,160g,£1.50,93.8p/100g,,Dietary & Lifestyle
839078,Waitrose Roasted Mushroom Pâté,G,false,1932,https://ecom-su-static-prod.wtrecom.com/images/products/3/LN_839078_BP_3.jpg,https://www.waitrose.com/ecom/products/waitrose-roasted-mushroom-pate/839078-724935-724936,Waitrose Roasted Mushroom Pâté,120g,£2.65,£2.21/100g,,Dietary & Lifestyle
825608,The Coconut Collab Plain Gut Health Coconut Yogurt Alternative,G,true,1933,https://ecom-su-static-prod.wtrecom.com/images/products/3/LN_825608_BP_3.jpg,https://www.waitrose.com/ecom/products/the-coconut-collab-plain-gut-health-coconut-yogurt-alternative/825608-789032-789033,The Coconut Collab Plain Gut Health Coconut Yogurt Alternative,350g,£1.95,55.7p/100g,save 95p. Was £2.90,Dietary & Lifestyle
882677,Heinz Big Soup Chunky Vegetable,G,true,1934,https://ecom-su-static-prod.wtrecom.com/images/products/3/LN_882677_BP_3.jpg,https://www.waitrose.com/ecom/products/heinz-big-soup-chunky-vegetable/882677-727909-727910,Heinz Big Soup Chunky Vegetable,400g,£2.00,50p/100g,Add 3 for £4.50,Dietary & Lifestyle
010173,Kellogg's Crunchy Nut Chocolate Clusters Breakfast Cereal,G,false,1935,https://ecom-su-static-prod.wtrecom.com/images/products/3/LN_010173_BP_3.jpg,https://www.waitrose.com/ecom/products/kelloggs-crunchy-nut-chocolate-clusters-breakfast-cereal/010173-5070-5071,Kellogg's Crunchy Nut Chocolate Clusters Breakfast Cereal,400g,£3.75,93.8p/100g,,Dietary & Lifestyle
565019,Young's Gastro 2 Lemon & Herb Basa Fillets,G,false,1936,https://ecom-su-static-prod.wtrecom.com/images/products/3/LN_565019_BP_3.jpg,https://www.waitrose.com/ecom/products/youngs-gastro-2-lemon-herb-basa-fillets/565019-80038-80039,Young's Gastro 2 Lemon & Herb Basa Fillets,310g,£5.00,£16.13/kg,,Dietary & Lifestyle
099295,Waitrose Hot & Spicy Mango Chutney,G,false,1937,https://ecom-su-static-prod.wtrecom.com/images/products/3/LN_099295_BP_3.jpg,https://www.waitrose.com/ecom/products/waitrose-hot-spicy-mango-chutney/099295-50635-50636,Waitrose Hot & Spicy Mango Chutney,320g,£2.00,62.5p/100g,,Dietary & Lifestyle
003641,Waitrose Orchard Fruit & Berries Muesli,G,false,1938,https://ecom-su-static-prod.wtrecom.com/images/products/3/LN_003641_BP_3.jpg,https://www.waitrose.com/ecom/products/waitrose-orchard-fruit-berries-muesli/003641-1497-1498,Waitrose Orchard Fruit & Berries Muesli,1kg,£4.00,40p/100g,,Dietary & Lifestyle
538051,Cathedral City Dairy Free Plant Based Grated Cheese,G,true,1939,https://ecom-su-static-prod.wtrecom.com/images/products/3/LN_538051_BP_3.jpg,https://www.waitrose.com/ecom/products/cathedral-city-dairy-free-plant-based-grated-cheese/538051-803304-803305,Cathedral City Dairy Free Plant Based Grated Cheese,150g,£2.00,£13.34/kg,save 40p. Was £2.40,Dietary & Lifestyle
718178,Belazu Rosemary Nut Mix,G,true,1940,https://ecom-su-static-prod.wtrecom.com/images/products/3/LN_718178_BP_3.jpg,https://www.waitrose.com/ecom/products/belazu-rosemary-nut-mix/718178-778978-778979,Belazu Rosemary Nut Mix,120g,£3.30,£2.75/100g,20% Off. Was £4.15,Dietary & Lifestyle
726032,Graze Cocoa Orange Oat Boosts,G,false,1941,https://ecom-su-static-prod.wtrecom.com/images/products/3/LN_726032_BP_3.jpg,https://www.waitrose.com/ecom/products/graze-cocoa-orange-oat-boosts/726032-786272-786273,Graze Cocoa Orange Oat Boosts,4x30g,£2.90,£2.42/100g,,Dietary & Lifestyle
561170,BEAR Yo Yos Super Sour Strawberry & Apple,G,true,1942,https://ecom-su-static-prod.wtrecom.com/images/products/3/LN_561170_BP_3.jpg,https://www.waitrose.com/ecom/products/bear-yo-yos-super-sour-strawberry-apple/561170-633428-633429,BEAR Yo Yos Super Sour Strawberry & Apple,5s,£2.00,40p each,save 85p. Was £2.85,Dietary & Lifestyle
584511,Fry Light Sunflower Oil Spray,G,false,1943,https://ecom-su-static-prod.wtrecom.com/images/products/3/LN_584511_BP_3.jpg,https://www.waitrose.com/ecom/products/fry-light-sunflower-oil-spray/584511-82870-82871,Fry Light Sunflower Oil Spray,190ml,£2.90,£1.53/100ml,,Dietary & Lifestyle
810605,Difatti Gluten Free Plain Gnocchi,G,false,1944,https://ecom-su-static-prod.wtrecom.com/images/products/3/LN_810605_BP_3.jpg,https://www.waitrose.com/ecom/products/difatti-gluten-free-plain-gnocchi/810605-600876-600877,Difatti Gluten Free Plain Gnocchi,250g,£2.10,£8.40/kg,,Dietary & Lifestyle
561923,Bounce Gluten Free Peanut Protein Ball,G,true,1945,https://ecom-su-static-prod.wtrecom.com/images/products/3/LN_561923_BP_3.jpg,https://www.waitrose.com/ecom/products/bounce-gluten-free-peanut-protein-ball/561923-735784-735785,Bounce Gluten Free Peanut Protein Ball,35g,£1.00,£2.86/100g,save 70p. Was £1.70,Dietary & Lifestyle
750456,Heinz Classic Potato & Leek Soup,G,true,1946,https://ecom-su-static-prod.wtrecom.com/images/products/3/LN_750456_BP_3.jpg,https://www.waitrose.com/ecom/products/heinz-classic-potato-leek-soup/750456-727599-727600,Heinz Classic Potato & Leek Soup,400g,£1.75,43.8p/100g,Add 3 for £4.50,Dietary & Lifestyle
771610,The Spice Tailor Tikka Masala,G,true,1947,https://ecom-su-static-prod.wtrecom.com/images/products/3/LN_771610_BP_3.jpg,https://www.waitrose.com/ecom/products/the-spice-tailor-tikka-masala/771610-140568-140569,The Spice Tailor Tikka Masala,300g,£3.75,£1.25/100g,Add 2 for £5,Dietary & Lifestyle
750544,RE:NOURISH Restore Pea Leek & Watercress Soup,G,true,1948,https://ecom-su-static-prod.wtrecom.com/images/products/3/LN_750544_BP_3.jpg,https://www.waitrose.com/ecom/products/re-nourish-restore-pea-leek-watercress-soup/750544-810552-810553,RE:NOURISH Restore Pea Leek & Watercress Soup,500g,£2.65,53p/100g,save 55p. Was £3.20,Dietary & Lifestyle
803548,Koko Coconut Chilled Unsweetened Milk Alternative,G,true,1949,https://ecom-su-static-prod.wtrecom.com/images/products/3/LN_803548_BP_3.jpg,https://www.waitrose.com/ecom/products/koko-coconut-chilled-unsweetened-milk-alternative/803548-668653-668654,Koko Coconut Chilled Unsweetened Milk Alternative,1litre,£1.25,£1.25/litre,save 65p. Was £1.90,Dietary & Lifestyle
772878,Plants By Deliciously Ella Veggie Herby Bites,G,false,1950,https://ecom-su-static-prod.wtrecom.com/images/products/3/LN_772878_BP_3.jpg,https://www.waitrose.com/ecom/products/plants-by-deliciously-ella-veggie-herby-bites/772878-804346-804347,Plants By Deliciously Ella Veggie Herby Bites,171g,£2.70,£15.79/kg,,Dietary & Lifestyle
029768,Baxters Vegetarian Soup Carrot & Coriander,G,false,1951,https://ecom-su-static-prod.wtrecom.com/images/products/3/LN_029768_BP_3.jpg,https://www.waitrose.com/ecom/products/baxters-vegetarian-soup-carrot-coriander/029768-14535-14536,Baxters Vegetarian Soup Carrot & Coriander,400g,£2.10,52.5p/100g,,Dietary & Lifestyle
526419,La Famiglia Rana Aubergine Tortelloni,G,true,1952,https://ecom-su-static-prod.wtrecom.com/images/products/3/LN_526419_BP_3.jpg,https://www.waitrose.com/ecom/products/la-famiglia-rana-aubergine-tortelloni/526419-793226-793227,La Famiglia Rana Aubergine Tortelloni,250g,£2.40,£9.60/kg,20% Off. Was £3.00,Dietary & Lifestyle
027549,Clipper Fairtrade Instant Hot Chocolate,G,false,1953,https://ecom-su-static-prod.wtrecom.com/images/products/3/LN_027549_BP_3.jpg,https://www.waitrose.com/ecom/products/clipper-fairtrade-instant-hot-chocolate/027549-13409-13410,Clipper Fairtrade Instant Hot Chocolate,350g,£4.15,£1.19/100g,,Dietary & Lifestyle
661791,Graze Honey Oat Boosts,G,false,1954,https://ecom-su-static-prod.wtrecom.com/images/products/3/LN_661791_BP_3.jpg,https://www.waitrose.com/ecom/products/graze-honey-oat-boosts/661791-589329-589330,Graze Honey Oat Boosts,4x30g,£2.90,£2.42/100g,,Dietary & Lifestyle
808772,Jordans Super Fruity Granola Breakfast Cereal,G,true,1955,https://ecom-su-static-prod.wtrecom.com/images/products/3/LN_808772_BP_3.jpg,https://www.waitrose.com/ecom/products/jordans-super-fruity-granola-breakfast-cereal/808772-806396-806397,Jordans Super Fruity Granola Breakfast Cereal,500g,£2.65,53p/100g,save £1.35. Was £4.00,Dietary & Lifestyle
500847,Violife Original Grated Vegan Cheese Alternative,G,false,1956,https://ecom-su-static-prod.wtrecom.com/images/products/3/LN_500847_BP_3.jpg,https://www.waitrose.com/ecom/products/violife-original-grated-vegan-cheese-alternative/500847-656908-656909,Violife Original Grated Vegan Cheese Alternative,175g,£2.85,£16.29/kg,,Dietary & Lifestyle
550478,Duchy Organic Instant Coffee,G,false,1957,https://ecom-su-static-prod.wtrecom.com/images/products/3/LN_550478_BP_3.jpg,https://www.waitrose.com/ecom/products/duchy-organic-instant-coffee/550478-716365-716366,Duchy Organic Instant Coffee,100g,£4.00,£4/100g,,Dietary & Lifestyle
041186,Waitrose Fat Free Fromage Frais,G,false,1958,https://ecom-su-static-prod.wtrecom.com/images/products/3/LN_041186_BP_3.jpg,https://www.waitrose.com/ecom/products/waitrose-fat-free-fromage-frais/041186-20368-20369,Waitrose Fat Free Fromage Frais,500g,£2.00,40p/100g,,Dietary & Lifestyle
736402,Lily's Kitchen Chicken & Duck Grain-Free Dry Dog Food,G,false,1959,https://ecom-su-static-prod.wtrecom.com/images/products/3/LN_736402_BP_3.jpg,https://www.waitrose.com/ecom/products/lilys-kitchen-chicken-duck-grain-free-dry-dog-food/736402-216049-216050,Lily's Kitchen Chicken & Duck Grain-Free Dry Dog Food,1kg,£10.00,£10/kg,,Dietary & Lifestyle
411864,Waitrose Frozen Breaded Atlantic Lemon Sole Goujons,G,false,1960,https://ecom-su-static-prod.wtrecom.com/images/products/3/LN_411864_BP_3.jpg,https://www.waitrose.com/ecom/products/waitrose-frozen-breaded-atlantic-lemon-sole-goujons/411864-57972-57973,Waitrose Frozen Breaded Atlantic Lemon Sole Goujons,220g,£4.50,£20.46/kg,,Dietary & Lifestyle
790791,Goodness Rose & Geranium Body Wash,G,false,1961,https://ecom-su-static-prod.wtrecom.com/images/products/3/LN_790791_BP_3.jpg,https://www.waitrose.com/ecom/products/goodness-rose-geranium-body-wash/790791-724054-724055,Goodness Rose & Geranium Body Wash,500ml,£4.20,84p/100ml,,Dietary & Lifestyle
522255,Thomson & Scott Noughty Sparkling Rose Alcohol Free Wine,G,true,1962,https://ecom-su-static-prod.wtrecom.com/images/products/3/LN_522255_BP_3.jpg,https://www.waitrose.com/ecom/products/thomson-scott-noughty-sparkling-rose-alcohol-free-wine/522255-793418-793419,Thomson & Scott Noughty Sparkling Rose Alcohol Free Wine,75cl,£8.50,£11.34/litre,save £1.00. Was £9.50,Dietary & Lifestyle
543294,Charlie Bigham's Shepherd's Pie for 2,G,false,1963,https://ecom-su-static-prod.wtrecom.com/images/products/3/LN_543294_BP_3.jpg,https://www.waitrose.com/ecom/products/charlie-bighams-shepherds-pie-for-2/543294-151539-151540,Charlie Bigham's Shepherd's Pie for 2,650g,£9.95,£15.31/kg,,Dietary & Lifestyle
490771,Waitrose Gold Extra Strong 80 Tea Bags,G,false,1964,https://ecom-su-static-prod.wtrecom.com/images/products/3/LN_490771_BP_3.jpg,https://www.waitrose.com/ecom/products/waitrose-gold-extra-strong-80-tea-bags/490771-381084-381085,Waitrose Gold Extra Strong 80 Tea Bags,250g,£2.50,£1/100g,,Dietary & Lifestyle
884488,Genius Gluten Free Soft Brown Farmhouse Loaf,G,false,1965,https://ecom-su-static-prod.wtrecom.com/images/products/3/LN_884488_BP_3.jpg,https://www.waitrose.com/ecom/products/genius-gluten-free-soft-brown-farmhouse-loaf/884488-144364-144365,Genius Gluten Free Soft Brown Farmhouse Loaf,430g,£2.90,67.4p/100g,,Dietary & Lifestyle
401061,Magnum Mini Classic Almond White,G,false,1966,https://ecom-su-static-prod.wtrecom.com/images/products/3/LN_401061_BP_3.jpg,https://www.waitrose.com/ecom/products/magnum-mini-classic-almond-white/401061-824332-824332,Magnum Mini Classic Almond White,10x55ml,£6.50,£1.19/100ml,,Dietary & Lifestyle
863261,Encore Treat Whole Tuna Loin,G,false,1967,https://ecom-su-static-prod.wtrecom.com/images/products/3/LN_863261_BP_3.jpg,https://www.waitrose.com/ecom/products/encore-treat-whole-tuna-loin/863261-751701-751702,Encore Treat Whole Tuna Loin,30g,£1.80,£60/kg,,Dietary & Lifestyle
079300,Waitrose Artichoke Hearts Sliced,G,false,1968,https://ecom-su-static-prod.wtrecom.com/images/products/3/LN_079300_BP_3.jpg,https://www.waitrose.com/ecom/products/waitrose-artichoke-hearts-sliced/079300-40369-40370,Waitrose Artichoke Hearts Sliced,530g,£5.70,£1.08/100g,,Dietary & Lifestyle
870308,Higgidy Vegan Vegetable Samosa Roll,G,true,1969,https://ecom-su-static-prod.wtrecom.com/images/products/3/LN_870308_BP_3.jpg,https://www.waitrose.com/ecom/products/higgidy-vegan-vegetable-samosa-roll/870308-728608-728609,Higgidy Vegan Vegetable Samosa Roll,160g,£2.50,£15.63/kg,save 95p. Was £3.45,Dietary & Lifestyle
818810,Duchy Organic English Breakfast 25 Tea Bags,G,false,1970,https://ecom-su-static-prod.wtrecom.com/images/products/3/LN_818810_BP_3.jpg,https://www.waitrose.com/ecom/products/duchy-organic-english-breakfast-25-tea-bags/818810-302009-302010,Duchy Organic English Breakfast 25 Tea Bags,62.5g,£2.00,£3.20/100g,,Dietary & Lifestyle
625081,Ella's Kitchen Banana Baby Brekkie,G,true,1971,https://ecom-su-static-prod.wtrecom.com/images/products/3/LN_625081_BP_3.jpg,https://www.waitrose.com/ecom/products/ellas-kitchen-banana-baby-brekkie/625081-88685-88686,Ella's Kitchen Banana Baby Brekkie,100g,£1.50,£1.50/100g,Add 3 for £3.75,Dietary & Lifestyle
576887,Mrs Crimble's Gluten Free 6 Classic Madeleines,G,false,1972,https://ecom-su-static-prod.wtrecom.com/images/products/3/LN_576887_BP_3.jpg,https://www.waitrose.com/ecom/products/mrs-crimbles-gluten-free-6-classic-madeleines/576887-600668-600669,Mrs Crimble's Gluten Free 6 Classic Madeleines,6s,£2.95,£1.64/100g,,Dietary & Lifestyle
799351,BEAR Alphabites Multigrain Cereal,G,true,1973,https://ecom-su-static-prod.wtrecom.com/images/products/3/LN_799351_BP_3.jpg,https://www.waitrose.com/ecom/products/bear-alphabites-multigrain-cereal/799351-284723-284724,BEAR Alphabites Multigrain Cereal,350g,£2.00,57.1p/100g,save 95p. Was £2.95,Dietary & Lifestyle
746489,Cooks' Ingredients White Chocolate,G,false,1974,https://ecom-su-static-prod.wtrecom.com/images/products/3/LN_746489_BP_3.jpg,https://www.waitrose.com/ecom/products/cooks-ingredients-white-chocolate/746489-752659-752660,Cooks' Ingredients White Chocolate,180g,£2.00,£11.12/kg,,Dietary & Lifestyle
811084,PlantLiving: 4 Frozen Bean Burgers,G,false,1975,https://ecom-su-static-prod.wtrecom.com/images/products/3/LN_811084_BP_3.jpg,https://www.waitrose.com/ecom/products/plantliving-4-frozen-bean-burgers/811084-762534-762535,PlantLiving: 4 Frozen Bean Burgers,454g,£2.40,£5.29/kg,,Dietary & Lifestyle
683038,Deliciously Ella Vegan Almond Butter Cups,G,false,1976,https://ecom-su-static-prod.wtrecom.com/images/products/3/LN_683038_BP_3.jpg,https://www.waitrose.com/ecom/products/deliciously-ella-vegan-almond-butter-cups/683038-701982-701983,Deliciously Ella Vegan Almond Butter Cups,36g,£1.65,£4.59/100g,,Dietary & Lifestyle
670971,Lizi's Passion Fruit & Pistachio Granola,G,true,1977,https://ecom-su-static-prod.wtrecom.com/images/products/3/LN_670971_BP_3.jpg,https://www.waitrose.com/ecom/products/lizis-passion-fruit-pistachio-granola/670971-127713-127714,Lizi's Passion Fruit & Pistachio Granola,400g,£2.65,66.3p/100g,Save 1/3. Was £4.20,Dietary & Lifestyle
017434,Tilda Brown Basmati Rice,G,true,1978,https://ecom-su-static-prod.wtrecom.com/images/products/3/LN_017434_BP_3.jpg,https://www.waitrose.com/ecom/products/tilda-brown-basmati-rice/017434-8434-8435,Tilda Brown Basmati Rice,500g,£2.50,£5/kg,save 65p. Was £3.15,Dietary & Lifestyle
891526,Waitrose Indian Aubergine Masala Curry for 2,G,false,1979,https://ecom-su-static-prod.wtrecom.com/images/products/3/LN_891526_BP_3.jpg,https://www.waitrose.com/ecom/products/waitrose-indian-aubergine-masala-curry-for-2/891526-571132-571133,Waitrose Indian Aubergine Masala Curry for 2,250g,£2.85,£11.40/kg,,Dietary & Lifestyle
001277,Jordans Country Crisp Flame Raisins Cereal,G,true,1980,https://ecom-su-static-prod.wtrecom.com/images/products/3/LN_001277_BP_3.jpg,https://www.waitrose.com/ecom/products/jordans-country-crisp-flame-raisins-cereal/001277-192-193,Jordans Country Crisp Flame Raisins Cereal,500g,£2.50,50p/100g,save £1.30. Was £3.80,Dietary & Lifestyle
690029,Clive's Vegan Sausagey Rolls with Chutney,G,false,1981,https://ecom-su-static-prod.wtrecom.com/images/products/3/LN_690029_BP_3.jpg,https://www.waitrose.com/ecom/products/clives-vegan-sausagey-rolls-with-chutney/690029-804334-804335,Clive's Vegan Sausagey Rolls with Chutney,160g,£3.30,£2.07/100g,,Dietary & Lifestyle
492919,Baylis & Harding Goodness Lemongrass Hand Wash,G,false,1982,https://ecom-su-static-prod.wtrecom.com/images/products/3/LN_492919_BP_3.jpg,https://www.waitrose.com/ecom/products/baylis-harding-goodness-lemongrass-hand-wash/492919-723707-723708,Baylis & Harding Goodness Lemongrass Hand Wash,500ml,£4.20,84p/100ml,,Dietary & Lifestyle
720619,Lily's Kitchen Senior Recipe Wet Food for Dogs,G,true,1983,https://ecom-su-static-prod.wtrecom.com/images/products/3/LN_720619_BP_3.jpg,https://www.waitrose.com/ecom/products/lilys-kitchen-senior-recipe-wet-food-for-dogs/720619-411933-411934,Lily's Kitchen Senior Recipe Wet Food for Dogs,400g,£2.50,£6.25/kg,25% Off. Was £3.35,Dietary & Lifestyle
005228,No.1 Kenya AA Coffee Beans,G,false,1984,https://ecom-su-static-prod.wtrecom.com/images/products/3/LN_005228_BP_3.jpg,https://www.waitrose.com/ecom/products/no1-kenya-aa-coffee-beans/005228-2253-2254,No.1 Kenya AA Coffee Beans,227g,£4.00,£1.77/100g,,Dietary & Lifestyle
732658,Panda 4 Liquorice Bars,G,false,1985,https://ecom-su-static-prod.wtrecom.com/images/products/3/LN_732658_BP_3.jpg,https://www.waitrose.com/ecom/products/panda-4-liquorice-bars/732658-104103-104104,Panda 4 Liquorice Bars,128g,£1.70,£1.33/100g,,Dietary & Lifestyle
605723,Ready Brek Original Smooth Porridge Sachets,G,false,1986,https://ecom-su-static-prod.wtrecom.com/images/products/3/LN_605723_BP_3.jpg,https://www.waitrose.com/ecom/products/ready-brek-original-smooth-porridge-sachets/605723-232713-232714,Ready Brek Original Smooth Porridge Sachets,8x30g,£2.35,97.9p/100g,,Dietary & Lifestyle
828753,Waitrose Raisin Nut & Cranberry,G,false,1987,https://ecom-su-static-prod.wtrecom.com/images/products/3/LN_828753_BP_3.jpg,https://www.waitrose.com/ecom/products/waitrose-raisin-nut-cranberry/828753-492189-492190,Waitrose Raisin Nut & Cranberry,750g,£10.00,£1.34/100g,,Dietary & Lifestyle
705475,BFree Gluten Free Stone Baked Pitta,G,false,1988,https://ecom-su-static-prod.wtrecom.com/images/products/3/LN_705475_BP_3.jpg,https://www.waitrose.com/ecom/products/bfree-gluten-free-stone-baked-pitta/705475-499408-499409,BFree Gluten Free Stone Baked Pitta,4x55g,£2.90,£1.32/100g,,Dietary & Lifestyle
569850,Charlie Bigham's Chicken & Mushroom Risotto for 2,G,false,1989,https://ecom-su-static-prod.wtrecom.com/images/products/3/LN_569850_BP_3.jpg,https://www.waitrose.com/ecom/products/charlie-bighams-chicken-mushroom-risotto-for-2/569850-283643-283644,Charlie Bigham's Chicken & Mushroom Risotto for 2,700g,£9.50,£13.58/kg,,Dietary & Lifestyle
027611,Waitrose Ceylon 50 Tea Bags,G,false,1990,https://ecom-su-static-prod.wtrecom.com/images/products/3/LN_027611_BP_3.jpg,https://www.waitrose.com/ecom/products/waitrose-ceylon-50-tea-bags/027611-13445-13446,Waitrose Ceylon 50 Tea Bags,125g,£1.95,£1.56/100g,,Dietary & Lifestyle
818200,TREK Original Oat Protein Flapjacks Multipack,G,false,1991,https://ecom-su-static-prod.wtrecom.com/images/products/3/LN_818200_BP_3.jpg,https://www.waitrose.com/ecom/products/trek-original-oat-protein-flapjacks-multipack/818200-648242-648243,TREK Original Oat Protein Flapjacks Multipack,3x50g,£3.00,£2/100g,,Dietary & Lifestyle
855586,Urban Fruit No Added Sugar Mango & Passionfruit,G,true,1992,https://ecom-su-static-prod.wtrecom.com/images/products/3/LN_855586_BP_3.jpg,https://www.waitrose.com/ecom/products/urban-fruit-no-added-sugar-mango-passionfruit/855586-728576-728577,Urban Fruit No Added Sugar Mango & Passionfruit,85g,£2.75,£3.24/100g,Add 2 for £4.20,Dietary & Lifestyle
027614,Waitrose Darjeeling 50 Tea Bags,G,false,1993,https://ecom-su-static-prod.wtrecom.com/images/products/3/LN_027614_BP_3.jpg,https://www.waitrose.com/ecom/products/waitrose-darjeeling-50-tea-bags/027614-13451-13452,Waitrose Darjeeling 50 Tea Bags,125g,£1.95,£1.56/100g,,Dietary & Lifestyle
513548,Quorn 3 Sausage Rolls,G,false,1994,https://ecom-su-static-prod.wtrecom.com/images/products/3/LN_513548_BP_3.jpg,https://www.waitrose.com/ecom/products/quorn-3-sausage-rolls/513548-480823-480824,Quorn 3 Sausage Rolls,210g,£3.10,£14.77/kg,,Dietary & Lifestyle
642844,Müller Rice Vanilla Custard Low Fat Pudding,G,false,1995,https://ecom-su-static-prod.wtrecom.com/images/products/3/LN_642844_BP_3.jpg,https://www.waitrose.com/ecom/products/muller-rice-vanilla-custard-low-fat-pudding/642844-91281-91282,Müller Rice Vanilla Custard Low Fat Pudding,170g,95p,55.9p/100g,,Dietary & Lifestyle
549470,Freee Organic Gluten Free Chocolate Oat bars 4x35g,G,false,1996,https://ecom-su-static-prod.wtrecom.com/images/products/3/LN_549470_BP_3.jpg,https://www.waitrose.com/ecom/products/freee-organic-gluten-free-chocolate-oat-bars-4x35g/549470-722051-722052,Freee Organic Gluten Free Chocolate Oat bars 4x35g,4x35g,£2.95,£2.11/100g,,Dietary & Lifestyle
434104,Freee Organic Gluten Free Brown Rice Fusilli 500g,G,false,1997,https://ecom-su-static-prod.wtrecom.com/images/products/3/LN_434104_BP_3.jpg,https://www.waitrose.com/ecom/products/freee-organic-gluten-free-brown-rice-fusilli-500g/434104-791019-791020,Freee Organic Gluten Free Brown Rice Fusilli 500g,500g,£2.95,59p/100g,,Dietary & Lifestyle
052681,Waitrose Chickpeas,G,false,1998,https://ecom-su-static-prod.wtrecom.com/images/products/3/LN_052681_BP_3.jpg,https://www.waitrose.com/ecom/products/waitrose-chickpeas/052681-26261-26262,Waitrose Chickpeas,500g,£1.95,£3.90/kg,,Dietary & Lifestyle
555711,Waitrose Roasted Pistachios,G,false,1999,https://ecom-su-static-prod.wtrecom.com/images/products/3/LN_555711_BP_3.jpg,https://www.waitrose.com/ecom/products/waitrose-roasted-pistachios/555711-480869-480870,Waitrose Roasted Pistachios,400g,£5.75,£1.44/100g,,Dietary & Lifestyle
811819,Lily's Kitchen Woofbrush Dental Chew for Dogs Medium Pack,G,true,2000,https://ecom-su-static-prod.wtrecom.com/images/products/3/LN_811819_BP_3.jpg,https://www.waitrose.com/ecom/products/lilys-kitchen-woofbrush-dental-chew-for-dogs-medium-pack/811819-707637-707638,Lily's Kitchen Woofbrush Dental Chew for Dogs Medium Pack,7s,£6.30,90p each,25% Off. Was £8.50,Dietary & Lifestyle
712336,Quorn Emmental Escalopes,G,false,2001,https://ecom-su-static-prod.wtrecom.com/images/products/3/LN_712336_BP_3.jpg,https://www.waitrose.com/ecom/products/quorn-emmental-escalopes/712336-665075-665076,Quorn Emmental Escalopes,220g,£3.15,£14.32/kg,,Dietary & Lifestyle
490476,Kallo Organic Beef Low Salt 6 Stock Cubes,G,false,2002,https://ecom-su-static-prod.wtrecom.com/images/products/3/LN_490476_BP_3.jpg,https://www.waitrose.com/ecom/products/kallo-organic-beef-low-salt-6-stock-cubes/490476-229843-229844,Kallo Organic Beef Low Salt 6 Stock Cubes,48g,£1.55,£3.23/100g,,Dietary & Lifestyle
586719,Charlie Bigham's Chicken with White Wine Sauce & Mash for 2,G,false,2003,https://ecom-su-static-prod.wtrecom.com/images/products/3/LN_586719_BP_3.jpg,https://www.waitrose.com/ecom/products/charlie-bighams-chicken-with-white-wine-sauce-mash-for-2/586719-336941-336942,Charlie Bigham's Chicken with White Wine Sauce & Mash for 2,825g,£9.50,£11.52/kg,,Dietary & Lifestyle
047328,Ella's Kitchen Carrots Apples + Parsnips,G,false,2004,https://ecom-su-static-prod.wtrecom.com/images/products/3/LN_047328_BP_3.jpg,https://www.waitrose.com/ecom/products/ellas-kitchen-carrots-apples-parsnips/047328-23362-23363,Ella's Kitchen Carrots Apples + Parsnips,120g,£1.35,£1.13/100g,,Dietary & Lifestyle
017217,No.1 Ethiopia Sidamo Ground Coffee,G,false,2005,https://ecom-su-static-prod.wtrecom.com/images/products/3/LN_017217_BP_3.jpg,https://www.waitrose.com/ecom/products/no1-ethiopia-sidamo-ground-coffee/017217-8310-8311,No.1 Ethiopia Sidamo Ground Coffee,227g,£4.00,£1.77/100g,,Dietary & Lifestyle
687725,Faith in Nature Wild Rose Body Wash,G,false,2006,https://ecom-su-static-prod.wtrecom.com/images/products/3/LN_687725_BP_3.jpg,https://www.waitrose.com/ecom/products/faith-in-nature-wild-rose-body-wash/687725-719668-719669,Faith in Nature Wild Rose Body Wash,400ml,£6.30,£1.58/100ml,,Dietary & Lifestyle
094489,Dr. Oetker Quattro Formaggi Ristorante Pizza,G,true,2007,https://ecom-su-static-prod.wtrecom.com/images/products/3/LN_094489_BP_3.jpg,https://www.waitrose.com/ecom/products/dr-oetker-quattro-formaggi-ristorante-pizza/094489-48470-48471,Dr. Oetker Quattro Formaggi Ristorante Pizza,340g,£2.00,£5.89/kg,save £1.40. Was £3.40,Dietary & Lifestyle
459318,Schär Gluten Free White Ciabatta Rolls,G,false,2008,https://ecom-su-static-prod.wtrecom.com/images/products/3/LN_459318_BP_3.jpg,https://www.waitrose.com/ecom/products/schar-gluten-free-white-ciabatta-rolls/459318-64735-64736,Schär Gluten Free White Ciabatta Rolls,4x50g,£2.50,£1.25/100g,,Dietary & Lifestyle
673284,Whole Creations Gluten Free Garlic Bread Baguette,G,false,2009,https://ecom-su-static-prod.wtrecom.com/images/products/3/LN_673284_BP_3.jpg,https://www.waitrose.com/ecom/products/whole-creations-gluten-free-garlic-bread-baguette/673284-753250-753251,Whole Creations Gluten Free Garlic Bread Baguette,190g,£2.75,£14.48/kg,,Dietary & Lifestyle
443612,Treaclemoon One Ginger Morning,G,false,2010,https://ecom-su-static-prod.wtrecom.com/images/products/3/LN_443612_BP_3.jpg,https://www.waitrose.com/ecom/products/treaclemoon-one-ginger-morning/443612-416490-416491,Treaclemoon One Ginger Morning,500ml,£2.65,53p/100ml,,Dietary & Lifestyle
375799,Lizi's Treacle & Pecan Granola,G,true,2011,https://ecom-su-static-prod.wtrecom.com/images/products/3/LN_375799_BP_3.jpg,https://www.waitrose.com/ecom/products/lizis-treacle-pecan-granola/375799-52918-52919,Lizi's Treacle & Pecan Granola,400g,£2.65,66.3p/100g,Save 1/3. Was £4.20,Dietary & Lifestyle
735742,Small Beer Lager,G,false,2012,https://ecom-su-static-prod.wtrecom.com/images/products/3/LN_735742_BP_3.jpg,https://www.waitrose.com/ecom/products/small-beer-lager/735742-717697-717698,Small Beer Lager,350ml,£2.25,£6.43/litre,,Dietary & Lifestyle
590697,English Cheesecake Lemon & Mascarpone Slices,G,false,2013,https://ecom-su-static-prod.wtrecom.com/images/products/3/LN_590697_BP_3.jpg,https://www.waitrose.com/ecom/products/english-cheesecake-lemon-mascarpone-slices/590697-691626-691627,English Cheesecake Lemon & Mascarpone Slices,214g,£3.95,£1.85/100g,,Dietary & Lifestyle
571405,Teapigs Peppermint Leaves 15 Tea Temples,G,false,2014,https://ecom-su-static-prod.wtrecom.com/images/products/3/LN_571405_BP_3.jpg,https://www.waitrose.com/ecom/products/teapigs-peppermint-leaves-15-tea-temples/571405-80926-80927,Teapigs Peppermint Leaves 15 Tea Temples,30g,£4.75,£15.84/100g,,Dietary & Lifestyle
607756,Food Thoughts Fairly Traded Organic Cocoa Powder,G,false,2015,https://ecom-su-static-prod.wtrecom.com/images/products/3/LN_607756_BP_3.jpg,https://www.waitrose.com/ecom/products/food-thoughts-fairly-traded-organic-cocoa-powder/607756-518944-518945,Food Thoughts Fairly Traded Organic Cocoa Powder,125g,£3.10,£24.80/kg,,Dietary & Lifestyle
006223,Duchy Organic Stoneground Wholemeal Plain Flour,G,false,2016,https://ecom-su-static-prod.wtrecom.com/images/products/3/LN_006223_BP_3.jpg,https://www.waitrose.com/ecom/products/duchy-organic-stoneground-wholemeal-plain-flour/006223-2742-2743,Duchy Organic Stoneground Wholemeal Plain Flour,1.5kg,£2.40,£1.60/kg,,Dietary & Lifestyle
051804,Waitrose Canadian Bread Wholemeal Flour,G,false,2017,https://ecom-su-static-prod.wtrecom.com/images/products/3/LN_051804_BP_3.jpg,https://www.waitrose.com/ecom/products/waitrose-canadian-bread-wholemeal-flour/051804-25784-25785,Waitrose Canadian Bread Wholemeal Flour,1.5kg,£2.00,£1.34/kg,,Dietary & Lifestyle
857002,Charlie Bigham's Vegetable Lasagne for 2,G,false,2018,https://ecom-su-static-prod.wtrecom.com/images/products/3/LN_857002_BP_3.jpg,https://www.waitrose.com/ecom/products/charlie-bighams-vegetable-lasagne-for-2/857002-677642-677643,Charlie Bigham's Vegetable Lasagne for 2,730g,£8.50,£11.65/kg,,Dietary & Lifestyle
416685,Crosta & Mollica Puttanesca Pasta Sauce,G,false,2019,https://ecom-su-static-prod.wtrecom.com/images/products/3/LN_416685_BP_3.jpg,https://www.waitrose.com/ecom/products/crosta-mollica-puttanesca-pasta-sauce/416685-784788-784789,Crosta & Mollica Puttanesca Pasta Sauce,340g,£3.00,88.2p/100g,,Dietary & Lifestyle
805649,Sacla' Vegan Basil Pesto,G,false,2020,https://ecom-su-static-prod.wtrecom.com/images/products/3/LN_805649_BP_3.jpg,https://www.waitrose.com/ecom/products/sacla-vegan-basil-pesto/805649-368262-368263,Sacla' Vegan Basil Pesto,190g,£3.35,£1.77/100g,,Dietary & Lifestyle
678787,Bio&Me Original Kefir Live Yoghurt,G,true,2021,https://ecom-su-static-prod.wtrecom.com/images/products/3/LN_678787_BP_3.jpg,https://www.waitrose.com/ecom/products/biome-original-kefir-live-yoghurt/678787-788950-788951,Bio&Me Original Kefir Live Yoghurt,350g,£1.50,42.9p/100g,save 70p. Was £2.20,Dietary & Lifestyle
649161,Linda McCartney's 2 Frozen Deep Dish Country Pies,G,false,2022,https://ecom-su-static-prod.wtrecom.com/images/products/3/LN_649161_BP_3.jpg,https://www.waitrose.com/ecom/products/linda-mccartneys-2-frozen-deep-dish-country-pies/649161-459780-459781,Linda McCartney's 2 Frozen Deep Dish Country Pies,380g,£2.80,£7.37/kg,,Dietary & Lifestyle
438237,Peroni Nastro Azzurro Gluten Free Beer Lager Bottles,G,true,2023,https://ecom-su-static-prod.wtrecom.com/images/products/3/LN_438237_BP_3.jpg,https://www.waitrose.com/ecom/products/peroni-nastro-azzurro-gluten-free-beer-lager-bottles/438237-585435-585436,Peroni Nastro Azzurro Gluten Free Beer Lager Bottles,4x330ml,£6.00,£4.55/litre,save £1.50. Was £7.50,Dietary & Lifestyle
416664,RE:NOURISH Immunity Soup,G,true,2024,https://ecom-su-static-prod.wtrecom.com/images/products/3/LN_416664_BP_3.jpg,https://www.waitrose.com/ecom/products/re-nourish-immunity-soup/416664-706170-706171,RE:NOURISH Immunity Soup,500g,£2.65,53p/100g,save 55p. Was £3.20,Dietary & Lifestyle
717414,Mr Organic Olives & Capers Pasta Sauce,G,false,2025,https://ecom-su-static-prod.wtrecom.com/images/products/3/LN_717414_BP_3.jpg,https://www.waitrose.com/ecom/products/mr-organic-olives-capers-pasta-sauce/717414-726468-726469,Mr Organic Olives & Capers Pasta Sauce,350g,£3.00,85.7p/100g,,Dietary & Lifestyle
409465,Crosta & Mollica Bolli Crackers Black Pepper,G,false,2026,https://ecom-su-static-prod.wtrecom.com/images/products/3/LN_409465_BP_3.jpg,https://www.waitrose.com/ecom/products/crosta-mollica-bolli-crackers-black-pepper/409465-361601-361602,Crosta & Mollica Bolli Crackers Black Pepper,120g,£2.10,£1.75/100g,,Dietary & Lifestyle
007683,Patak's Mild Korma Spice Paste,G,true,2027,https://ecom-su-static-prod.wtrecom.com/images/products/3/LN_007683_BP_3.jpg,https://www.waitrose.com/ecom/products/pataks-mild-korma-spice-paste/007683-3596-3597,Patak's Mild Korma Spice Paste,290g,£2.80,96.6p/100g,20% Off. Was £3.50,Dietary & Lifestyle
055061,Waitrose Seedless Sable Grapes,G,false,2028,https://ecom-su-static-prod.wtrecom.com/images/products/3/LN_055061_BP_3.jpg,https://www.waitrose.com/ecom/products/waitrose-seedless-sable-grapes/055061-27674-27675,Waitrose Seedless Sable Grapes,400g,£3.10,£7.75/kg,,Dietary & Lifestyle
830330,Scrumshus The Premium Granola,G,false,2029,https://ecom-su-static-prod.wtrecom.com/images/products/3/LN_830330_BP_3.jpg,https://www.waitrose.com/ecom/products/scrumshus-the-premium-granola/830330-347892-347893,Scrumshus The Premium Granola,500g,£5.50,£1.10/100g,,Dietary & Lifestyle
895037,Waitrose Breaded Calamari,G,false,2030,https://ecom-su-static-prod.wtrecom.com/images/products/3/LN_895037_BP_3.jpg,https://www.waitrose.com/ecom/products/waitrose-breaded-calamari/895037-689932-689933,Waitrose Breaded Calamari,200g,£4.50,£22.50/kg,,Dietary & Lifestyle
862959,PlantLiving: 4 Frozen Crunchy Vegetable Crispbakes,G,false,2031,https://ecom-su-static-prod.wtrecom.com/images/products/3/LN_862959_BP_3.jpg,https://www.waitrose.com/ecom/products/plantliving-4-frozen-crunchy-vegetable-crispbakes/862959-762596-762597,PlantLiving: 4 Frozen Crunchy Vegetable Crispbakes,454g,£2.50,£5.51/kg,,Dietary & Lifestyle
457395,Waitrose Free From Gluten Granola,G,false,2032,https://ecom-su-static-prod.wtrecom.com/images/products/3/LN_457395_BP_3.jpg,https://www.waitrose.com/ecom/products/waitrose-free-from-gluten-granola/457395-174502-174503,Waitrose Free From Gluten Granola,500g,£4.00,80p/100g,,Dietary & Lifestyle
414464,Genius Gluten Free Soft White Farmhouse Loaf,G,false,2033,https://ecom-su-static-prod.wtrecom.com/images/products/3/LN_414464_BP_3.jpg,https://www.waitrose.com/ecom/products/genius-gluten-free-soft-white-farmhouse-loaf/414464-143476-143477,Genius Gluten Free Soft White Farmhouse Loaf,430g,£2.90,67.4p/100g,,Dietary & Lifestyle
715009,Graze Banana Oat Boosts,G,false,2034,https://ecom-su-static-prod.wtrecom.com/images/products/3/LN_715009_BP_3.jpg,https://www.waitrose.com/ecom/products/graze-banana-oat-boosts/715009-589403-589404,Graze Banana Oat Boosts,4x30g,£2.90,£2.42/100g,,Dietary & Lifestyle
646164,Tilda Microwave Egg Fried Rice,G,true,2035,https://ecom-su-static-prod.wtrecom.com/images/products/3/LN_646164_BP_3.jpg,https://www.waitrose.com/ecom/products/tilda-microwave-egg-fried-rice/646164-91706-91707,Tilda Microwave Egg Fried Rice,250g,£1.00,£4/kg,save 85p. Was £1.85,Dietary & Lifestyle
886869,Jordans Country Crisp Dark Chocolate Cereal,G,true,2036,https://ecom-su-static-prod.wtrecom.com/images/products/3/LN_886869_BP_3.jpg,https://www.waitrose.com/ecom/products/jordans-country-crisp-dark-chocolate-cereal/886869-684485-684486,Jordans Country Crisp Dark Chocolate Cereal,500g,£2.50,50p/100g,save £1.30. Was £3.80,Dietary & Lifestyle
004655,Essential Wholenut Peanut Butter,G,false,2037,https://ecom-su-static-prod.wtrecom.com/images/products/3/LN_004655_BP_3.jpg,https://www.waitrose.com/ecom/products/essential-wholenut-peanut-butter/004655-1991-1992,Essential Wholenut Peanut Butter,340g,£1.80,52.9p/100g,,Dietary & Lifestyle
702353,Pieminister Wild Shroom Pie,G,true,2038,https://ecom-su-static-prod.wtrecom.com/images/products/3/LN_702353_BP_3.jpg,https://www.waitrose.com/ecom/products/pieminister-wild-shroom-pie/702353-99692-99693,Pieminister Wild Shroom Pie,270g,£4.70,£1.75/100g,Add 2 for £7.50,Dietary & Lifestyle
594296,Crosta & Mollica Tarallini Multigrain & Seeds,G,false,2039,https://ecom-su-static-prod.wtrecom.com/images/products/3/LN_594296_BP_3.jpg,https://www.waitrose.com/ecom/products/crosta-mollica-tarallini-multigrain-seeds/594296-492015-492016,Crosta & Mollica Tarallini Multigrain & Seeds,170g,£2.10,£1.24/100g,,Dietary & Lifestyle
017455,Waitrose Traditional White Basmati Aged Rice,G,false,2040,https://ecom-su-static-prod.wtrecom.com/images/products/3/LN_017455_BP_3.jpg,https://www.waitrose.com/ecom/products/waitrose-traditional-white-basmati-aged-rice/017455-8456-8457,Waitrose Traditional White Basmati Aged Rice,500g,£2.00,£4/kg,,Dietary & Lifestyle
859339,Rude Health Honey Spelt Puffs,G,false,2041,https://ecom-su-static-prod.wtrecom.com/images/products/3/LN_859339_BP_3.jpg,https://www.waitrose.com/ecom/products/rude-health-honey-spelt-puffs/859339-506322-506323,Rude Health Honey Spelt Puffs,175g,£3.00,£1.72/100g,,Dietary & Lifestyle
885913,Nature's Path Gluten Free Granola Berries,G,false,2042,https://ecom-su-static-prod.wtrecom.com/images/products/3/LN_885913_BP_3.jpg,https://www.waitrose.com/ecom/products/natures-path-gluten-free-granola-berries/885913-275061-275062,Nature's Path Gluten Free Granola Berries,300g,£3.70,£1.24/100g,,Dietary & Lifestyle
002750,Rakusen's Matzos,G,false,2043,https://ecom-su-static-prod.wtrecom.com/images/products/3/LN_002750_BP_3.jpg,https://www.waitrose.com/ecom/products/rakusens-matzos/002750-982-983,Rakusen's Matzos,300g,£2.20,73.3p/100g,,Dietary & Lifestyle
715547,Heinz Minestrone Cup Soup,G,true,2044,https://ecom-su-static-prod.wtrecom.com/images/products/3/LN_715547_BP_3.jpg,https://www.waitrose.com/ecom/products/heinz-minestrone-cup-soup/715547-420403-420404,Heinz Minestrone Cup Soup,4x18g,£1.50,£2.09/100g,Add 3 for £4,Dietary & Lifestyle
875290,Deliciously Ella Vegan Salted Chocolate Almonds,G,false,2045,https://ecom-su-static-prod.wtrecom.com/images/products/3/LN_875290_BP_3.jpg,https://www.waitrose.com/ecom/products/deliciously-ella-vegan-salted-chocolate-almonds/875290-735974-735975,Deliciously Ella Vegan Salted Chocolate Almonds,81g,£2.90,£3.59/100g,,Dietary & Lifestyle
031818,Quorn Myco-Protein Minced,G,false,2046,https://ecom-su-static-prod.wtrecom.com/images/products/3/LN_031818_BP_3.jpg,https://www.waitrose.com/ecom/products/quorn-myco-protein-minced/031818-15491-15492,Quorn Myco-Protein Minced,350g,£3.40,£9.72/kg,,Dietary & Lifestyle
881652,Mr Organic Roasted Garlic Pasta Sauce,G,false,2047,https://ecom-su-static-prod.wtrecom.com/images/products/3/LN_881652_BP_3.jpg,https://www.waitrose.com/ecom/products/mr-organic-roasted-garlic-pasta-sauce/881652-726686-726687,Mr Organic Roasted Garlic Pasta Sauce,350g,£3.00,85.7p/100g,,Dietary & Lifestyle
861004,Jimmy's Original Iced Coffee,G,true,2048,https://ecom-su-static-prod.wtrecom.com/images/products/3/LN_861004_BP_3.jpg,https://www.waitrose.com/ecom/products/jimmys-original-iced-coffee/861004-756203-756204,Jimmy's Original Iced Coffee,275ml,£2.20,£8/litre,"£5 Food to Go Meal Deal: Add 1 Main, 1 Snack and 1 Drink",Dietary & Lifestyle
854068,Nairn's Gluten Free Blueberry Biscuit Breaks,G,false,2049,https://ecom-su-static-prod.wtrecom.com/images/products/3/LN_854068_BP_3.jpg,https://www.waitrose.com/ecom/products/nairns-gluten-free-blueberry-biscuit-breaks/854068-628434-628435,Nairn's Gluten Free Blueberry Biscuit Breaks,160g,£2.10,£1.32/100g,,Dietary & Lifestyle
067710,Duchy Organic Chicken Livers,G,false,2050,https://ecom-su-static-prod.wtrecom.com/images/products/3/LN_067710_BP_3.jpg,https://www.waitrose.com/ecom/products/duchy-organic-chicken-livers/067710-34373-34374,Duchy Organic Chicken Livers,400g,£3.00,£7.50/kg,,Dietary & Lifestyle
498840,Faith In Nature Lavender Soap,G,true,2051,https://ecom-su-static-prod.wtrecom.com/images/products/3/LN_498840_BP_3.jpg,https://www.waitrose.com/ecom/products/faith-in-nature-lavender-soap/498840-719450-719451,Faith In Nature Lavender Soap,100g,£2.15,£2.15/100g,Save 1/3. Was £3.25,Dietary & Lifestyle
482029,Lily's Kitchen Bedtime Biscuits Dog Treats,G,false,2052,https://ecom-su-static-prod.wtrecom.com/images/products/3/LN_482029_BP_3.jpg,https://www.waitrose.com/ecom/products/lilys-kitchen-bedtime-biscuits-dog-treats/482029-758886-758887,Lily's Kitchen Bedtime Biscuits Dog Treats,80g,£3.40,£42.50/kg,,Dietary & Lifestyle
780722,Waitrose Pesto & WIld Garlic Fiorelli,G,false,2053,https://ecom-su-static-prod.wtrecom.com/images/products/3/LN_780722_BP_3.jpg,https://www.waitrose.com/ecom/products/waitrose-pesto-wild-garlic-fiorelli/780722-793274-793275,Waitrose Pesto & WIld Garlic Fiorelli,250g,£3.60,£1.44/100g,,Dietary & Lifestyle
488536,Koko Coconut Raspberry Plant Based Dairy Free Yogurt Alternative,G,false,2054,https://ecom-su-static-prod.wtrecom.com/images/products/3/LN_488536_BP_3.jpg,https://www.waitrose.com/ecom/products/koko-coconut-raspberry-plant-based-dairy-free-yogurt-alternative/488536-590206-590207,Koko Coconut Raspberry Plant Based Dairy Free Yogurt Alternative,2x125g,£1.60,64p/100g,,Dietary & Lifestyle
741168,KIND Gluten Free Caramel Almond & Sea Salt Bars,G,true,2055,https://ecom-su-static-prod.wtrecom.com/images/products/3/LN_741168_BP_3.jpg,https://www.waitrose.com/ecom/products/kind-gluten-free-caramel-almond-sea-salt-bars/741168-728444-728445,KIND Gluten Free Caramel Almond & Sea Salt Bars,3x30g,£2.00,£2.23/100g,save £1.15. Was £3.15,Dietary & Lifestyle
371478,Heinz Classic Spring Vegetable Soup,G,true,2056,https://ecom-su-static-prod.wtrecom.com/images/products/3/LN_371478_BP_3.jpg,https://www.waitrose.com/ecom/products/heinz-classic-spring-vegetable-soup/371478-147873-147874,Heinz Classic Spring Vegetable Soup,400g,£1.75,43.8p/100g,Add 3 for £4.50,Dietary & Lifestyle
607168,Waitrose Vegetable Couscous,G,false,2057,https://ecom-su-static-prod.wtrecom.com/images/products/3/LN_607168_BP_3.jpg,https://www.waitrose.com/ecom/products/waitrose-vegetable-couscous/607168-86141-86142,Waitrose Vegetable Couscous,350g,£3.35,95.7p/100g,,Dietary & Lifestyle
807018,Charlie Bigham's Chicken Kyiv For 2,G,false,2058,https://ecom-su-static-prod.wtrecom.com/images/products/3/LN_807018_BP_3.jpg,https://www.waitrose.com/ecom/products/charlie-bighams-chicken-kyiv-for-2/807018-692459-692460,Charlie Bigham's Chicken Kyiv For 2,335g,£9.50,£28.36/kg,,Dietary & Lifestyle
673040,Little Soap Co. Olive Oil Soap,G,true,2059,https://ecom-su-static-prod.wtrecom.com/images/products/3/LN_673040_BP_3.jpg,https://www.waitrose.com/ecom/products/little-soap-co-olive-oil-soap/673040-454519-454520,Little Soap Co. Olive Oil Soap,100g,£2.95,£2.95/100g,20% Off. Was £3.70,Dietary & Lifestyle
051643,Waitrose Orange River Choice Sultanas,G,false,2060,https://ecom-su-static-prod.wtrecom.com/images/products/3/LN_051643_BP_3.jpg,https://www.waitrose.com/ecom/products/waitrose-orange-river-choice-sultanas/051643-25700-25701,Waitrose Orange River Choice Sultanas,500g,£3.50,£7/kg,,Dietary & Lifestyle
873197,Nairn's Gluten Free Chocolate Biscuit Breaks,G,false,2061,https://ecom-su-static-prod.wtrecom.com/images/products/3/LN_873197_BP_3.jpg,https://www.waitrose.com/ecom/products/nairns-gluten-free-chocolate-biscuit-breaks/873197-628498-628499,Nairn's Gluten Free Chocolate Biscuit Breaks,160g,£2.10,£1.32/100g,,Dietary & Lifestyle
498013,No.1 Frozen Halibut Fillets,G,false,2062,https://ecom-su-static-prod.wtrecom.com/images/products/3/LN_498013_BP_3.jpg,https://www.waitrose.com/ecom/products/no1-frozen-halibut-fillets/498013-679259-679260,No.1 Frozen Halibut Fillets,280g,£10.60,£37.86/kg,,Dietary & Lifestyle
423601,Jamie Oliver Super Tomato & Olive Quinoa,G,true,2063,https://ecom-su-static-prod.wtrecom.com/images/products/3/LN_423601_BP_3.jpg,https://www.waitrose.com/ecom/products/jamie-oliver-super-tomato-olive-quinoa/423601-426865-426866,Jamie Oliver Super Tomato & Olive Quinoa,250g,£1.80,£7.20/kg,25% Off. Was £2.45,Dietary & Lifestyle
835782,Ricola Elderflower Sugar Free Sweets,G,false,2064,https://ecom-su-static-prod.wtrecom.com/images/products/3/LN_835782_BP_3.jpg,https://www.waitrose.com/ecom/products/ricola-elderflower-sugar-free-sweets/835782-368372-368373,Ricola Elderflower Sugar Free Sweets,45g,£1.50,£3.34/100g,,Dietary & Lifestyle
510185,Lazy Vegan Frozen Italian Vegan Risotto for 1,G,false,2065,https://ecom-su-static-prod.wtrecom.com/images/products/3/LN_510185_BP_3.jpg,https://www.waitrose.com/ecom/products/lazy-vegan-frozen-italian-vegan-risotto-for-1/510185-762342-762343,Lazy Vegan Frozen Italian Vegan Risotto for 1,400g,£3.80,95p/100g,,Dietary & Lifestyle
731767,GoVeggie: Vegetarian Tomato & Mozzarella Arancini,G,false,2066,https://ecom-su-static-prod.wtrecom.com/images/products/3/LN_731767_BP_3.jpg,https://www.waitrose.com/ecom/products/goveggie-vegetarian-tomato-mozzarella-arancini/731767-629361-629362,GoVeggie: Vegetarian Tomato & Mozzarella Arancini,300g,£4.00,£1.34/100g,,Dietary & Lifestyle
006333,Patak's Aubergine Pickle,G,true,2067,https://ecom-su-static-prod.wtrecom.com/images/products/3/LN_006333_BP_3.jpg,https://www.waitrose.com/ecom/products/pataks-aubergine-pickle/006333-2814-2815,Patak's Aubergine Pickle,312g,£2.10,67.3p/100g,20% Off. Was £2.65,Dietary & Lifestyle
716458,Bollinger Special Cuvee,W,false,2068,https://ecom-su-static-prod.wtrecom.com/images/products/3/LN_716458_BP_3.jpg,https://www.waitrose.com/ecom/products/bollinger-special-cuvee/716458-145804-145805,Bollinger Special Cuvee,37.5cl,£31.99,£63.98/75cl,,Dietary & Lifestyle
572671,Alpro Soya Dairy Free Single Cream Alternative,G,false,2069,https://ecom-su-static-prod.wtrecom.com/images/products/3/LN_572671_BP_3.jpg,https://www.waitrose.com/ecom/products/alpro-soya-dairy-free-single-cream-alternative/572671-81133-81134,Alpro Soya Dairy Free Single Cream Alternative,250ml,£1.35,54p/100ml,,Dietary & Lifestyle
559201,Clipper Organic Fairtrade Restoring Ginger and Turmeric Tea Bags 20s,G,true,2070,https://ecom-su-static-prod.wtrecom.com/images/products/3/LN_559201_BP_3.jpg,https://www.waitrose.com/ecom/products/clipper-organic-fairtrade-restoring-ginger-and-turmeric-tea-bags-20s/559201-756364-756365,Clipper Organic Fairtrade Restoring Ginger and Turmeric Tea Bags 20s,36g,£2.00,£5.56/100g,save 65p. Was £2.65,Dietary & Lifestyle
563865,itsu Katsu Rice Noodles,G,false,2071,https://ecom-su-static-prod.wtrecom.com/images/products/3/LN_563865_BP_3.jpg,https://www.waitrose.com/ecom/products/itsu-katsu-rice-noodles/563865-654071-654072,itsu Katsu Rice Noodles,63g,£1.95,£3.10/100g,,Dietary & Lifestyle
527175,THIS Isn't Chicken Plant-Based Pieces,G,true,2072,https://ecom-su-static-prod.wtrecom.com/images/products/3/LN_527175_BP_3.jpg,https://www.waitrose.com/ecom/products/this-isnt-chicken-plant-based-pieces/527175-712699-712700,THIS Isn't Chicken Plant-Based Pieces,170g,£2.88,£16.95/kg,20% Off. Was £3.60,Dietary & Lifestyle
537221,"Innocent Pineapples, Bananas & Coconuts Fruit Smoothie Large",G,true,2073,https://ecom-su-static-prod.wtrecom.com/images/products/3/LN_537221_BP_3.jpg,https://www.waitrose.com/ecom/products/innocent-pineapples-bananas-coconuts-fruit-smoothie-large/537221-776987-776988,"Innocent Pineapples, Bananas & Coconuts Fruit Smoothie Large",750ml,£2.50,£3.34/litre,save £1.20. Was £3.70,Dietary & Lifestyle
029471,Baxters Vegetarian Soup Mediterranean Tomato,G,false,2074,https://ecom-su-static-prod.wtrecom.com/images/products/3/LN_029471_BP_3.jpg,https://www.waitrose.com/ecom/products/baxters-vegetarian-soup-mediterranean-tomato/029471-14423-14424,Baxters Vegetarian Soup Mediterranean Tomato,400g,£2.10,52.5p/100g,,Dietary & Lifestyle
688440,Baxters Favourites Pea & Ham,G,false,2075,https://ecom-su-static-prod.wtrecom.com/images/products/3/LN_688440_BP_3.jpg,https://www.waitrose.com/ecom/products/baxters-favourites-pea-ham/688440-229935-229936,Baxters Favourites Pea & Ham,400g,£2.00,50p/100g,,Dietary & Lifestyle
003538,Waitrose Roasted Salted Pecans,G,false,2076,https://ecom-su-static-prod.wtrecom.com/images/products/3/LN_003538_BP_3.jpg,https://www.waitrose.com/ecom/products/waitrose-roasted-salted-pecans/003538-1433-1434,Waitrose Roasted Salted Pecans,100g,£3.25,£3.25/100g,,Dietary & Lifestyle
886662,Charlie Bigham's Proper Puds Cherry Bakewell,G,true,2077,https://ecom-su-static-prod.wtrecom.com/images/products/3/LN_886662_BP_3.jpg,https://www.waitrose.com/ecom/products/charlie-bighams-proper-puds-cherry-bakewell/886662-719999-720000,Charlie Bigham's Proper Puds Cherry Bakewell,409g,£3.75,91.7p/100g,save £1.25. Was £5.00,Dietary & Lifestyle
421665,Duchy Organic British Quinoa,G,false,2078,https://ecom-su-static-prod.wtrecom.com/images/products/3/LN_421665_BP_3.jpg,https://www.waitrose.com/ecom/products/duchy-organic-british-quinoa/421665-524159-524160,Duchy Organic British Quinoa,375g,£3.75,£10/kg,,Dietary & Lifestyle
478664,Kabuto Noodles Chicken Ramen,G,true,2079,https://ecom-su-static-prod.wtrecom.com/images/products/3/LN_478664_BP_3.jpg,https://www.waitrose.com/ecom/products/kabuto-noodles-chicken-ramen/478664-781143-781144,Kabuto Noodles Chicken Ramen,65g,£1.30,£2/100g,save 45p. Was £1.75,Dietary & Lifestyle
709850,Crosta & Mollica Choc Hazelnut Tartufi Gelato,G,false,2080,https://ecom-su-static-prod.wtrecom.com/images/products/3/LN_709850_BP_3.jpg,https://www.waitrose.com/ecom/products/crosta-mollica-choc-hazelnut-tartufi-gelato/709850-767647-767648,Crosta & Mollica Choc Hazelnut Tartufi Gelato,208g,£5.00,£2.41/100g,,Dietary & Lifestyle
504987,Moju Gut Health Cold Pressed Raspberry Prebiotic Fruit Juice Single Shot,G,false,2081,https://ecom-su-static-prod.wtrecom.com/images/products/3/LN_504987_BP_3.jpg,https://www.waitrose.com/ecom/products/moju-gut-health-cold-pressed-raspberry-prebiotic-fruit-juice-single-shot/504987-752429-752430,Moju Gut Health Cold Pressed Raspberry Prebiotic Fruit Juice Single Shot,60ml,£2.10,£3.50/100ml,,Dietary & Lifestyle
004163,Taifun Tofu Wiener,G,false,2082,https://ecom-su-static-prod.wtrecom.com/images/products/3/LN_004163_BP_3.jpg,https://www.waitrose.com/ecom/products/taifun-tofu-wiener/004163-1697-1698,Taifun Tofu Wiener,300g,£5.80,£19.34/kg,,Dietary & Lifestyle
052231,Organix Gingerbread Men Toddler Snacks,G,false,2083,https://ecom-su-static-prod.wtrecom.com/images/products/3/LN_052231_BP_3.jpg,https://www.waitrose.com/ecom/products/organix-gingerbread-men-toddler-snacks/052231-26033-26034,Organix Gingerbread Men Toddler Snacks,135g,£2.65,£1.97/100g,,Dietary & Lifestyle
583444,Charlie Bigham's Spaghetti Carbonara for 2,G,true,2084,https://ecom-su-static-prod.wtrecom.com/images/products/3/LN_583444_BP_3.jpg,https://www.waitrose.com/ecom/products/charlie-bighams-spaghetti-carbonara-for-2/583444-381909-381910,Charlie Bigham's Spaghetti Carbonara for 2,675g,£8.50,£12.60/kg,save £1.00. Was £9.50,Dietary & Lifestyle
899689,Baxters Favourites Soup Lentil & Bacon,G,false,2085,https://ecom-su-static-prod.wtrecom.com/images/products/3/LN_899689_BP_3.jpg,https://www.waitrose.com/ecom/products/baxters-favourites-soup-lentil-bacon/899689-347968-347969,Baxters Favourites Soup Lentil & Bacon,400g,£2.00,50p/100g,,Dietary & Lifestyle
797163,Big Drop Poolside Alcohol Free IPA,G,true,2086,https://ecom-su-static-prod.wtrecom.com/images/products/3/LN_797163_BP_3.jpg,https://www.waitrose.com/ecom/products/big-drop-poolside-alcohol-free-ipa/797163-793582-793583,Big Drop Poolside Alcohol Free IPA,330ml,£1.60,£4.85/litre,Add 4 for £5,Dietary & Lifestyle
732621,Cooks' Ingredients Curry Leaves,G,false,2087,https://ecom-su-static-prod.wtrecom.com/images/products/3/LN_732621_BP_3.jpg,https://www.waitrose.com/ecom/products/cooks-ingredients-curry-leaves/732621-673404-673405,Cooks' Ingredients Curry Leaves,3s,£1.25,41.7p each,,Dietary & Lifestyle
430557,Bakery Delights Gluten Free Belgian Chocolate Wafers,G,false,2088,https://ecom-su-static-prod.wtrecom.com/images/products/3/LN_430557_BP_3.jpg,https://www.waitrose.com/ecom/products/bakery-delights-gluten-free-belgian-chocolate-wafers/430557-60575-60576,Bakery Delights Gluten Free Belgian Chocolate Wafers,107g,£2.95,£2.76/100g,,Dietary & Lifestyle
792936,Waitrose Golden Butternut Squash,G,false,2089,https://ecom-su-static-prod.wtrecom.com/images/products/3/LN_792936_BP_3.jpg,https://www.waitrose.com/ecom/products/waitrose-golden-butternut-squash/792936-116917-116918,Waitrose Golden Butternut Squash,Typical weight 1.15kg,£2.30 each est.,£2.00/kg,,Dietary & Lifestyle
723512,Kallo Veggie Cakes Caramelised Onion Chutney,G,true,2090,https://ecom-su-static-prod.wtrecom.com/images/products/3/LN_723512_BP_3.jpg,https://www.waitrose.com/ecom/products/kallo-veggie-cakes-caramelised-onion-chutney/723512-758131-758132,Kallo Veggie Cakes Caramelised Onion Chutney,122g,£2.25,£1.85/100g,save 65p. Was £2.90,Dietary & Lifestyle
867277,Clipper Organic Fairtrade Earl Grey Tea Bags 80s,G,false,2091,https://ecom-su-static-prod.wtrecom.com/images/products/3/LN_867277_BP_3.jpg,https://www.waitrose.com/ecom/products/clipper-organic-fairtrade-earl-grey-tea-bags-80s/867277-182149-182150,Clipper Organic Fairtrade Earl Grey Tea Bags 80s,200g,£4.39,£2.20/100g,,Dietary & Lifestyle
562279,Waitrose Protein Vanilla Yogurt,G,true,2092,https://ecom-su-static-prod.wtrecom.com/images/products/3/LN_562279_BP_3.jpg,https://www.waitrose.com/ecom/products/waitrose-protein-vanilla-yogurt/562279-822495-822496,Waitrose Protein Vanilla Yogurt,200g,£1.04,52p/100g,20% Off. Was £1.30,Dietary & Lifestyle
757050,Nairn's Gluten Free Porridge Oats,G,false,2093,https://ecom-su-static-prod.wtrecom.com/images/products/3/LN_757050_BP_3.jpg,https://www.waitrose.com/ecom/products/nairns-gluten-free-porridge-oats/757050-107699-107700,Nairn's Gluten Free Porridge Oats,450g,£2.30,51.1p/100g,,Dietary & Lifestyle
574637,Arla Jord Oat Drink,G,false,2094,https://ecom-su-static-prod.wtrecom.com/images/products/3/LN_574637_BP_3.jpg,https://www.waitrose.com/ecom/products/arla-jord-oat-drink/574637-823054-823055,Arla Jord Oat Drink,1litre,£2.00,£2/litre,,Dietary & Lifestyle
601154,Baxters Vegetarian Lentil & Vegetable,G,false,2095,https://ecom-su-static-prod.wtrecom.com/images/products/3/LN_601154_BP_3.jpg,https://www.waitrose.com/ecom/products/baxters-vegetarian-lentil-vegetable/601154-371474-371475,Baxters Vegetarian Lentil & Vegetable,400g,£2.10,52.5p/100g,,Dietary & Lifestyle
417429,Kiddylicious Veggie Straws,G,true,2096,https://ecom-su-static-prod.wtrecom.com/images/products/3/LN_417429_BP_3.jpg,https://www.waitrose.com/ecom/products/kiddylicious-veggie-straws/417429-583226-583227,Kiddylicious Veggie Straws,12g,60p,£5/100g,save 35p. Was 95p,Dietary & Lifestyle
093151,Schär Gluten Free Digestive,G,false,2097,https://ecom-su-static-prod.wtrecom.com/images/products/3/LN_093151_BP_3.jpg,https://www.waitrose.com/ecom/products/schar-gluten-free-digestive/093151-47859-47860,Schär Gluten Free Digestive,3x50g,£1.90,£1.27/100g,,Dietary & Lifestyle
761317,Scrumbles Salmon Natural Dog Treats 90g,G,false,2098,https://ecom-su-static-prod.wtrecom.com/images/products/3/LN_761317_BP_3.jpg,https://www.waitrose.com/ecom/products/scrumbles-salmon-natural-dog-treats-90g/761317-790753-790754,Scrumbles Salmon Natural Dog Treats 90g,90g,£2.75,£30.56/kg,,Dietary & Lifestyle
550438,Higgidy 8 Cheddar & Spinach Mini Muffins,G,true,2099,https://ecom-su-static-prod.wtrecom.com/images/products/3/LN_550438_BP_3.jpg,https://www.waitrose.com/ecom/products/higgidy-8-cheddar-spinach-mini-muffins/550438-728236-728237,Higgidy 8 Cheddar & Spinach Mini Muffins,160g,£3.00,£1.88/100g,save £1.00. Was £4.00,Dietary & Lifestyle
704703,Waitrose LoveLife Roasted Cashews,G,true,2100,https://ecom-su-static-prod.wtrecom.com/images/products/3/LN_704703_BP_3.jpg,https://www.waitrose.com/ecom/products/waitrose-lovelife-roasted-cashews/704703-133634-133635,Waitrose LoveLife Roasted Cashews,50g,£1.00,£2/100g,"£5 Food to Go Meal Deal: Add 1 Main, 1 Snack and 1 Drink",Dietary & Lifestyle
702718,Heinz Cream of Mushroom Cup Soup,G,true,2101,https://ecom-su-static-prod.wtrecom.com/images/products/3/LN_702718_BP_3.jpg,https://www.waitrose.com/ecom/products/heinz-cream-of-mushroom-cup-soup/702718-420385-420386,Heinz Cream of Mushroom Cup Soup,4x17.5g,£1.50,£2.15/100g,Add 3 for £4,Dietary & Lifestyle
504053,Schär Gluten Free Rich Tea Biscuits,G,false,2102,https://ecom-su-static-prod.wtrecom.com/images/products/3/LN_504053_BP_3.jpg,https://www.waitrose.com/ecom/products/schar-gluten-free-rich-tea-biscuits/504053-71186-71187,Schär Gluten Free Rich Tea Biscuits,125g,£1.75,£1.40/100g,,Dietary & Lifestyle
695949,Tyrrell's Furrows Cheese & Onion Crisps,G,true,2103,https://ecom-su-static-prod.wtrecom.com/images/products/3/LN_695949_BP_3.jpg,https://www.waitrose.com/ecom/products/tyrrells-furrows-cheese-onion-crisps/695949-98815-98816,Tyrrell's Furrows Cheese & Onion Crisps,150g,£2.00,£1.34/100g,save 75p. Was £2.75,Dietary & Lifestyle
756173,Knorr Gluten Free Lamb Stock Pot,G,false,2104,https://ecom-su-static-prod.wtrecom.com/images/products/3/LN_756173_BP_3.jpg,https://www.waitrose.com/ecom/products/knorr-gluten-free-lamb-stock-pot/756173-499438-499439,Knorr Gluten Free Lamb Stock Pot,4x28g,£2.00,£1.79/100g,,Dietary & Lifestyle
519565,itsu Chilli Miso Rice Noodles,G,false,2105,https://ecom-su-static-prod.wtrecom.com/images/products/3/LN_519565_BP_3.jpg,https://www.waitrose.com/ecom/products/itsu-chilli-miso-rice-noodles/519565-654017-654018,itsu Chilli Miso Rice Noodles,63g,£1.95,£3.10/100g,,Dietary & Lifestyle
003526,Waitrose Roasted Salted Macadamias,G,false,2106,https://ecom-su-static-prod.wtrecom.com/images/products/3/LN_003526_BP_3.jpg,https://www.waitrose.com/ecom/products/waitrose-roasted-salted-macadamias/003526-1419-1420,Waitrose Roasted Salted Macadamias,100g,£3.25,£3.25/100g,,Dietary & Lifestyle
418029,Little Moons Iced Latte Coffee,G,false,2107,https://ecom-su-static-prod.wtrecom.com/images/products/3/LN_418029_BP_3.jpg,https://www.waitrose.com/ecom/products/little-moons-iced-latte-coffee/418029-801730-801731,Little Moons Iced Latte Coffee,192g,£5.00,£2.61/100g,,Dietary & Lifestyle
716726,Ben & Jerry's Dulce De-lish Sundae Caramel Ice Cream Tub,G,false,2108,https://ecom-su-static-prod.wtrecom.com/images/products/3/LN_716726_BP_3.jpg,https://www.waitrose.com/ecom/products/ben-jerrys-dulce-de-lish-sundae-caramel-ice-cream-tub/716726-802026-802027,Ben & Jerry's Dulce De-lish Sundae Caramel Ice Cream Tub,427ml,£5.80,£1.36/100ml,,Dietary & Lifestyle
741205,Clipper Organic Fairtrade English Breakfast 80 Tea Bags,G,false,2109,https://ecom-su-static-prod.wtrecom.com/images/products/3/LN_741205_BP_3.jpg,https://www.waitrose.com/ecom/products/clipper-organic-fairtrade-english-breakfast-80-tea-bags/741205-693146-693147,Clipper Organic Fairtrade English Breakfast 80 Tea Bags,232g,£4.50,£1.94/100g,,Dietary & Lifestyle
542270,"innocent Blueberries, Peaches & Apples Fruit Smoothie Large",G,true,2110,https://ecom-su-static-prod.wtrecom.com/images/products/3/LN_542270_BP_3.jpg,https://www.waitrose.com/ecom/products/innocent-blueberries-peaches-apples-fruit-smoothie-large/542270-752765-752766,"innocent Blueberries, Peaches & Apples Fruit Smoothie Large",750ml,£2.50,33.3p/100ml,save £1.20. Was £3.70,Dietary & Lifestyle
757232,The Coconut Collab Salted Caramel Choc Pots,G,false,2111,https://ecom-su-static-prod.wtrecom.com/images/products/3/LN_757232_BP_3.jpg,https://www.waitrose.com/ecom/products/the-coconut-collab-salted-caramel-choc-pots/757232-679625-679626,The Coconut Collab Salted Caramel Choc Pots,4x45g,£3.10,£1.73/100g,,Dietary & Lifestyle
711364,Deliciously Ella Gluten Free & Vegan Almond Apple & Raisin Granola,G,false,2112,https://ecom-su-static-prod.wtrecom.com/images/products/3/LN_711364_BP_3.jpg,https://www.waitrose.com/ecom/products/deliciously-ella-gluten-free-vegan-almond-apple-raisin-granola/711364-600772-600773,Deliciously Ella Gluten Free & Vegan Almond Apple & Raisin Granola,400g,£4.00,£1/100g,,Dietary & Lifestyle
402954,Waitrose PlantLiving Rainbow Vegetable Fritters,G,false,2113,https://ecom-su-static-prod.wtrecom.com/images/products/3/LN_402954_BP_3.jpg,https://www.waitrose.com/ecom/products/waitrose-plantliving-rainbow-vegetable-fritters/402954-762638-762639,Waitrose PlantLiving Rainbow Vegetable Fritters,168g,£3.10,£18.46/kg,,Dietary & Lifestyle
759114,Gran Luchito Refried Beans,G,false,2114,https://ecom-su-static-prod.wtrecom.com/images/products/3/LN_759114_BP_3.jpg,https://www.waitrose.com/ecom/products/gran-luchito-refried-beans/759114-703245-703246,Gran Luchito Refried Beans,430g,£2.30,53.5p/100g,,Dietary & Lifestyle
027342,Waitrose Earl Grey Loose Leaf Tea,G,false,2115,https://ecom-su-static-prod.wtrecom.com/images/products/3/LN_027342_BP_3.jpg,https://www.waitrose.com/ecom/products/waitrose-earl-grey-loose-leaf-tea/027342-13291-13292,Waitrose Earl Grey Loose Leaf Tea,125g,£1.95,£1.56/100g,,Dietary & Lifestyle
657631,BFree Gluten Free Wholegrain Pitta Breads,G,false,2116,https://ecom-su-static-prod.wtrecom.com/images/products/3/LN_657631_BP_3.jpg,https://www.waitrose.com/ecom/products/bfree-gluten-free-wholegrain-pitta-breads/657631-695118-695119,BFree Gluten Free Wholegrain Pitta Breads,4x55g,£2.90,£1.32/100g,,Dietary & Lifestyle
878650,Linda McCartney's 6 Vegetarian Sausage Rolls,G,false,2117,https://ecom-su-static-prod.wtrecom.com/images/products/3/LN_878650_BP_3.jpg,https://www.waitrose.com/ecom/products/linda-mccartneys-6-vegetarian-sausage-rolls/878650-460107-460108,Linda McCartney's 6 Vegetarian Sausage Rolls,342g,£2.95,£8.63/kg,,Dietary & Lifestyle
479114,Kallo Veggie Cakes Sea Salt & Vinegar,G,true,2118,https://ecom-su-static-prod.wtrecom.com/images/products/3/LN_479114_BP_3.jpg,https://www.waitrose.com/ecom/products/kallo-veggie-cakes-sea-salt-vinegar/479114-791487-791488,Kallo Veggie Cakes Sea Salt & Vinegar,122g,£2.25,£1.85/100g,save 65p. Was £2.90,Dietary & Lifestyle
875164,Faith in Nature Lavender Hand Wash,G,true,2119,https://ecom-su-static-prod.wtrecom.com/images/products/3/LN_875164_BP_3.jpg,https://www.waitrose.com/ecom/products/faith-in-nature-lavender-hand-wash/875164-741526-741527,Faith in Nature Lavender Hand Wash,400ml,£3.06,76.5p/100ml,Save 1/3. Was £4.60,Dietary & Lifestyle
886608,PlantLiving: 2 Frozen Crisp-Crumbed Seitan Slices,G,false,2120,https://ecom-su-static-prod.wtrecom.com/images/products/3/LN_886608_BP_3.jpg,https://www.waitrose.com/ecom/products/plantliving-2-frozen-crisp-crumbed-seitan-slices/886608-714913-714914,PlantLiving: 2 Frozen Crisp-Crumbed Seitan Slices,200g,£3.30,£16.50/kg,,Dietary & Lifestyle
716729,Twinings Superblends Sleep Camomile Tea Bags 20,G,false,2121,https://ecom-su-static-prod.wtrecom.com/images/products/3/LN_716729_BP_3.jpg,https://www.waitrose.com/ecom/products/twinings-superblends-sleep-camomile-tea-bags-20/716729-648172-648173,Twinings Superblends Sleep Camomile Tea Bags 20,30g,£3.70,£12.34/100g,,Dietary & Lifestyle
831659,Alpro Oat Barista Chilled Dairy Free Milk Alternative,G,false,2122,https://ecom-su-static-prod.wtrecom.com/images/products/3/LN_831659_BP_3.jpg,https://www.waitrose.com/ecom/products/alpro-oat-barista-chilled-dairy-free-milk-alternative/831659-759558-759559,Alpro Oat Barista Chilled Dairy Free Milk Alternative,750ml,£1.85,£2.47/litre,,Dietary & Lifestyle
579287,Arla Jord Oat & Hemp Drink,G,false,2123,https://ecom-su-static-prod.wtrecom.com/images/products/3/LN_579287_BP_3.jpg,https://www.waitrose.com/ecom/products/arla-jord-oat-hemp-drink/579287-823056-823057,Arla Jord Oat & Hemp Drink,1litre,£2.00,£2/litre,,Dietary & Lifestyle
393635,Quaker Oat So Simple Original Porridge Pot,G,true,2124,https://ecom-su-static-prod.wtrecom.com/images/products/3/LN_393635_BP_3.jpg,https://www.waitrose.com/ecom/products/quaker-oat-so-simple-original-porridge-pot/393635-127315-127316,Quaker Oat So Simple Original Porridge Pot,45g,£1.35,£3/100g,Add 4 for £4,Dietary & Lifestyle
654370,BEAR Yo Yos Blackcurrant,G,true,2125,https://ecom-su-static-prod.wtrecom.com/images/products/3/LN_654370_BP_3.jpg,https://www.waitrose.com/ecom/products/bear-yo-yos-blackcurrant/654370-336200-336201,BEAR Yo Yos Blackcurrant,5s,£2.00,40p each,save 85p. Was £2.85,Dietary & Lifestyle
866287,Waitrose Free From Gluten Hot Cross Buns,G,false,2126,https://ecom-su-static-prod.wtrecom.com/images/products/3/LN_866287_BP_3.jpg,https://www.waitrose.com/ecom/products/waitrose-free-from-gluten-hot-cross-buns/866287-751739-751740,Waitrose Free From Gluten Hot Cross Buns,260g,£2.40,92.3p/100g,,Dietary & Lifestyle
427096,Vitabiotics Ultra Vitamin D Tablets,G,false,2127,https://ecom-su-static-prod.wtrecom.com/images/products/3/LN_427096_BP_3.jpg,https://www.waitrose.com/ecom/products/vitabiotics-ultra-vitamin-d-tablets/427096-60111-60112,Vitabiotics Ultra Vitamin D Tablets,96s,£5.25,5.5p each,,Dietary & Lifestyle
888653,Cathedral City Plant Based Dairy Free Cheese Block,G,true,2128,https://ecom-su-static-prod.wtrecom.com/images/products/3/LN_888653_BP_3.jpg,https://www.waitrose.com/ecom/products/cathedral-city-plant-based-dairy-free-cheese-block/888653-803430-803431,Cathedral City Plant Based Dairy Free Cheese Block,280g,£3.50,£12.50/kg,save 30p. Was £3.80,Dietary & Lifestyle
700772,Crosta & Mollica Arrabbiata Pasta Sauce,G,false,2129,https://ecom-su-static-prod.wtrecom.com/images/products/3/LN_700772_BP_3.jpg,https://www.waitrose.com/ecom/products/crosta-mollica-arrabbiata-pasta-sauce/700772-783220-783221,Crosta & Mollica Arrabbiata Pasta Sauce,340g,£3.00,88.2p/100g,,Dietary & Lifestyle
427411,Lazy Day Gluten Free & Vegan Millionaire Shortbread,G,false,2130,https://ecom-su-static-prod.wtrecom.com/images/products/3/LN_427411_BP_3.jpg,https://www.waitrose.com/ecom/products/lazy-day-gluten-free-vegan-millionaire-shortbread/427411-450332-450333,Lazy Day Gluten Free & Vegan Millionaire Shortbread,150g,£2.65,£1.77/100g,,Dietary & Lifestyle
025646,Marigold Vegetable Bouillon Powder Organic,G,false,2131,https://ecom-su-static-prod.wtrecom.com/images/products/3/LN_025646_BP_3.jpg,https://www.waitrose.com/ecom/products/marigold-vegetable-bouillon-powder-organic/025646-12510-12511,Marigold Vegetable Bouillon Powder Organic,150g,£2.55,£1.70/100g,,Dietary & Lifestyle
508497,Alpro Barista Long Life Dairy Free Almond Milk ALternative,G,false,2132,https://ecom-su-static-prod.wtrecom.com/images/products/3/LN_508497_BP_3.jpg,https://www.waitrose.com/ecom/products/alpro-barista-long-life-dairy-free-almond-milk-alternative/508497-759545-759546,Alpro Barista Long Life Dairy Free Almond Milk ALternative,1litre,£2.20,£2.20/litre,,Dietary & Lifestyle
731726,Organix Apple & Date Fruit Snack Bars,G,true,2133,https://ecom-su-static-prod.wtrecom.com/images/products/3/LN_731726_BP_3.jpg,https://www.waitrose.com/ecom/products/organix-apple-date-fruit-snack-bars/731726-402541-402542,Organix Apple & Date Fruit Snack Bars,6x17g,£3.15,£3.09/100g,Add 2 for £5,Dietary & Lifestyle
451124,Crosta & Mollica Tagliatelle Pasta,G,false,2134,https://ecom-su-static-prod.wtrecom.com/images/products/3/LN_451124_BP_3.jpg,https://www.waitrose.com/ecom/products/crosta-mollica-tagliatelle-pasta/451124-784816-784817,Crosta & Mollica Tagliatelle Pasta,500g,£3.00,£6/kg,,Dietary & Lifestyle
844899,Waitrose Calorie Controlled Fish Pie for 1,G,false,2135,https://ecom-su-static-prod.wtrecom.com/images/products/3/LN_844899_BP_3.jpg,https://www.waitrose.com/ecom/products/waitrose-calorie-controlled-fish-pie-for-1/844899-160891-160892,Waitrose Calorie Controlled Fish Pie for 1,400g,£3.95,£9.88/kg,,Dietary & Lifestyle
875158,Innocent Plus Berry Set Go Raspberry & Cherry High Vitamin Fruit Juice Large,G,true,2136,https://ecom-su-static-prod.wtrecom.com/images/products/3/LN_875158_BP_3.jpg,https://www.waitrose.com/ecom/products/innocent-plus-berry-set-go-raspberry-cherry-high-vitamin-fruit-juice-large/875158-693484-693485,Innocent Plus Berry Set Go Raspberry & Cherry High Vitamin Fruit Juice Large,750ml,£2.00,26.7p/100ml,Half Price. Was £4.00,Dietary & Lifestyle
672344,NOMO Vegan Caramel Chocolate Bar,G,false,2137,https://ecom-su-static-prod.wtrecom.com/images/products/3/LN_672344_BP_3.jpg,https://www.waitrose.com/ecom/products/nomo-vegan-caramel-chocolate-bar/672344-745267-745268,NOMO Vegan Caramel Chocolate Bar,38g,£1.20,£3.16/100g,,Dietary & Lifestyle
696023,Waitrose Egg & Spinach Protein Pot,G,true,2138,https://ecom-su-static-prod.wtrecom.com/images/products/3/LN_696023_BP_3.jpg,https://www.waitrose.com/ecom/products/waitrose-egg-spinach-protein-pot/696023-498000-498001,Waitrose Egg & Spinach Protein Pot,90g,£1.80,£2/100g,"£5 Food to Go Meal Deal: Add 1 Main, 1 Snack and 1 Drink",Dietary & Lifestyle
736219,Heinz Bolognese Pasta Sauce,G,true,2139,https://ecom-su-static-prod.wtrecom.com/images/products/3/LN_736219_BP_3.jpg,https://www.waitrose.com/ecom/products/heinz-bolognese-pasta-sauce/736219-802608-802609,Heinz Bolognese Pasta Sauce,350g,£1.50,42.9p/100g,save £1.00. Was £2.50,Dietary & Lifestyle
086169,Cooks' Ingredients Lemon Thyme,G,false,2140,https://ecom-su-static-prod.wtrecom.com/images/products/3/LN_086169_BP_3.jpg,https://www.waitrose.com/ecom/products/cooks-ingredients-lemon-thyme/086169-44011-44012,Cooks' Ingredients Lemon Thyme,20g,80p,40p/10g,,Dietary & Lifestyle
827005,TREK Smooth Lemon Protein Flapjacks Multipack,G,false,2141,https://ecom-su-static-prod.wtrecom.com/images/products/3/LN_827005_BP_3.jpg,https://www.waitrose.com/ecom/products/trek-smooth-lemon-protein-flapjacks-multipack/827005-744043-744044,TREK Smooth Lemon Protein Flapjacks Multipack,3x50g,£3.00,£2/100g,,Dietary & Lifestyle
406196,Waitrose Bakewell Tart,G,false,2142,https://ecom-su-static-prod.wtrecom.com/images/products/3/LN_406196_BP_3.jpg,https://www.waitrose.com/ecom/products/waitrose-bakewell-tart/406196-691360-691361,Waitrose Bakewell Tart,290g,£4.00,£1.38/100g,,Dietary & Lifestyle
861262,Waitrose Spicy Chicken Jambalaya Soup,G,false,2143,https://ecom-su-static-prod.wtrecom.com/images/products/3/LN_861262_BP_3.jpg,https://www.waitrose.com/ecom/products/waitrose-spicy-chicken-jambalaya-soup/861262-226834-226835,Waitrose Spicy Chicken Jambalaya Soup,600g,£3.00,50p/100g,,Dietary & Lifestyle
762469,Waitrose Cooked Scottish Mussels,G,false,2144,https://ecom-su-static-prod.wtrecom.com/images/products/3/LN_762469_BP_3.jpg,https://www.waitrose.com/ecom/products/waitrose-cooked-scottish-mussels/762469-538897-538898,Waitrose Cooked Scottish Mussels,2x200g,£2.95,£7.38/kg,,Dietary & Lifestyle
872173,Ella's Kitchen Apple Cheese Melty Sticks,G,false,2145,https://ecom-su-static-prod.wtrecom.com/images/products/3/LN_872173_BP_3.jpg,https://www.waitrose.com/ecom/products/ellas-kitchen-apple-cheese-melty-sticks/872173-690688-690689,Ella's Kitchen Apple Cheese Melty Sticks,16g,£1.35,£84.38/kg,,Dietary & Lifestyle
869077,Schär Gluten Free Bontà d'Italia Pizza Salame,G,true,2146,https://ecom-su-static-prod.wtrecom.com/images/products/3/LN_869077_BP_3.jpg,https://www.waitrose.com/ecom/products/schar-gluten-free-bonta-ditalia-pizza-salame/869077-337404-337405,Schär Gluten Free Bontà d'Italia Pizza Salame,330g,£3.65,£11.07/kg,Add 2 for £5.50,Dietary & Lifestyle
591774,The Tofoo Co. Original Seitan,G,false,2147,https://ecom-su-static-prod.wtrecom.com/images/products/3/LN_591774_BP_3.jpg,https://www.waitrose.com/ecom/products/the-tofoo-co-original-seitan/591774-825109-825110,The Tofoo Co. Original Seitan,225g,£2.50,£1.12/100g,,Dietary & Lifestyle
431635,Waitrose Free From Gluten Porridge Oats,G,false,2148,https://ecom-su-static-prod.wtrecom.com/images/products/3/LN_431635_BP_3.jpg,https://www.waitrose.com/ecom/products/waitrose-free-from-gluten-porridge-oats/431635-791015-791016,Waitrose Free From Gluten Porridge Oats,1Kg,£4.30,43p/100g,,Dietary & Lifestyle
755430,Nairn's Gluten Free Oats & Fruit Biscuit Breaks,G,false,2149,https://ecom-su-static-prod.wtrecom.com/images/products/3/LN_755430_BP_3.jpg,https://www.waitrose.com/ecom/products/nairns-gluten-free-oats-fruit-biscuit-breaks/755430-254606-254607,Nairn's Gluten Free Oats & Fruit Biscuit Breaks,160g,£2.10,£1.32/100g,,Dietary & Lifestyle
682431,Waitrose Bramley Apple Crumble,G,false,2150,https://ecom-su-static-prod.wtrecom.com/images/products/3/LN_682431_BP_3.jpg,https://www.waitrose.com/ecom/products/waitrose-bramley-apple-crumble/682431-527487-527488,Waitrose Bramley Apple Crumble,500g,£4.00,80p/100g,,Dietary & Lifestyle
006741,Essential Currants,G,false,2151,https://ecom-su-static-prod.wtrecom.com/images/products/3/LN_006741_BP_3.jpg,https://www.waitrose.com/ecom/products/essential-currants/006741-3005-3006,Essential Currants,500g,£2.00,£4/kg,,Dietary & Lifestyle
745757,Candy Kittens Sour Watermelon,G,false,2152,https://ecom-su-static-prod.wtrecom.com/images/products/3/LN_745757_BP_3.jpg,https://www.waitrose.com/ecom/products/candy-kittens-sour-watermelon/745757-658553-658554,Candy Kittens Sour Watermelon,140g,£2.75,£1.97/100g,,Dietary & Lifestyle
057191,Patak's Pickle Lime,G,true,2153,https://ecom-su-static-prod.wtrecom.com/images/products/3/LN_057191_BP_3.jpg,https://www.waitrose.com/ecom/products/pataks-pickle-lime/057191-28761-28762,Patak's Pickle Lime,283g,£2.10,74.2p/100g,20% Off. Was £2.65,Dietary & Lifestyle
656153,Richmond Vegan Meat Free No Chicken Pieces,G,false,2154,https://ecom-su-static-prod.wtrecom.com/images/products/3/LN_656153_BP_3.jpg,https://www.waitrose.com/ecom/products/richmond-vegan-meat-free-no-chicken-pieces/656153-779072-779073,Richmond Vegan Meat Free No Chicken Pieces,165g,£2.80,£16.97/kg,,Dietary & Lifestyle
853336,Charlie Bigham's Chicken & Ham Gratin for 2,G,false,2155,https://ecom-su-static-prod.wtrecom.com/images/products/3/LN_853336_BP_3.jpg,https://www.waitrose.com/ecom/products/charlie-bighams-chicken-ham-gratin-for-2/853336-766146-766147,Charlie Bigham's Chicken & Ham Gratin for 2,650g,£9.50,£14.62/kg,,Dietary & Lifestyle
020206,Essential Pear Halves in Light Syrup,G,false,2156,https://ecom-su-static-prod.wtrecom.com/images/products/3/LN_020206_BP_3.jpg,https://www.waitrose.com/ecom/products/essential-pear-halves-in-light-syrup/020206-9837-9838,Essential Pear Halves in Light Syrup,drained 240g,£1.15,£4.80/kg,,Dietary & Lifestyle
553721,Lily's Kitchen Organic Fish Paté Wet Food for Cats,G,false,2157,https://ecom-su-static-prod.wtrecom.com/images/products/3/LN_553721_BP_3.jpg,https://www.waitrose.com/ecom/products/lilys-kitchen-organic-fish-pate-wet-food-for-cats/553721-527000-527001,Lily's Kitchen Organic Fish Paté Wet Food for Cats,85g,£1.25,£14.71/kg,,Dietary & Lifestyle
735242,"Goodness Oud, Cedar Amber Body Wash",G,false,2158,https://ecom-su-static-prod.wtrecom.com/images/products/3/LN_735242_BP_3.jpg,https://www.waitrose.com/ecom/products/goodness-oud-cedar-amber-body-wash/735242-723998-723999,"Goodness Oud, Cedar Amber Body Wash",500ml,£4.20,84p/100ml,,Dietary & Lifestyle
079420,Ella's Kitchen Pears Peas & Broccoli,G,false,2159,https://ecom-su-static-prod.wtrecom.com/images/products/3/LN_079420_BP_3.jpg,https://www.waitrose.com/ecom/products/ellas-kitchen-pears-peas-broccoli/079420-40423-40424,Ella's Kitchen Pears Peas & Broccoli,120g,£1.35,£1.13/100g,,Dietary & Lifestyle
408668,Candy Kittens Eton Mess,G,false,2160,https://ecom-su-static-prod.wtrecom.com/images/products/3/LN_408668_BP_3.jpg,https://www.waitrose.com/ecom/products/candy-kittens-eton-mess/408668-658011-658012,Candy Kittens Eton Mess,140g,£2.75,£1.97/100g,,Dietary & Lifestyle
420945,Plants By Deliciously Ella Black Bean & Sweet Potato Burger,G,false,2161,https://ecom-su-static-prod.wtrecom.com/images/products/3/LN_420945_BP_3.jpg,https://www.waitrose.com/ecom/products/plants-by-deliciously-ella-black-bean-sweet-potato-burger/420945-810876-810877,Plants By Deliciously Ella Black Bean & Sweet Potato Burger,200g,£3.50,£1.75/100g,,Dietary & Lifestyle
547132,Quaker Oat So Simple Gluten Free Porridge Sachets,G,true,2162,https://ecom-su-static-prod.wtrecom.com/images/products/3/LN_547132_BP_3.jpg,https://www.waitrose.com/ecom/products/quaker-oat-so-simple-gluten-free-porridge-sachets/547132-566381-566382,Quaker Oat So Simple Gluten Free Porridge Sachets,350g,£4.00,£1.15/100g,Add 2 for £4.50,Dietary & Lifestyle
839403,Waitrose Free From Gluten Sandwich Thins,G,false,2163,https://ecom-su-static-prod.wtrecom.com/images/products/3/LN_839403_BP_3.jpg,https://www.waitrose.com/ecom/products/waitrose-free-from-gluten-sandwich-thins/839403-678535-678536,Waitrose Free From Gluten Sandwich Thins,4s,£2.50,62.5p each,,Dietary & Lifestyle
868382,Innocent Pure Summer Fruits Fruit Juice Large,G,true,2164,https://ecom-su-static-prod.wtrecom.com/images/products/3/LN_868382_BP_3.jpg,https://www.waitrose.com/ecom/products/innocent-pure-summer-fruits-fruit-juice-large/868382-409612-409613,Innocent Pure Summer Fruits Fruit Juice Large,1.35litre,£3.00,22.2p/100ml,save £1.30. Was £4.30,Dietary & Lifestyle
431623,Waitrose Gut Health Mango Kefir Drink,G,true,2165,https://ecom-su-static-prod.wtrecom.com/images/products/3/LN_431623_BP_3.jpg,https://www.waitrose.com/ecom/products/waitrose-gut-health-mango-kefir-drink/431623-772798-772799,Waitrose Gut Health Mango Kefir Drink,750ml,£2.00,26.7p/100ml,20% Off. Was £2.50,Dietary & Lifestyle
607155,Deliciously Ella Gluten Free & Vegan Nutty Granola,G,false,2166,https://ecom-su-static-prod.wtrecom.com/images/products/3/LN_607155_BP_3.jpg,https://www.waitrose.com/ecom/products/deliciously-ella-gluten-free-vegan-nutty-granola/607155-728308-728309,Deliciously Ella Gluten Free & Vegan Nutty Granola,380g,£4.00,£1.06/100g,,Dietary & Lifestyle
406274,Sproud Barista Vegan Pea-based Milk Alternative,G,false,2167,https://ecom-su-static-prod.wtrecom.com/images/products/3/LN_406274_BP_3.jpg,https://www.waitrose.com/ecom/products/sproud-barista-vegan-pea-based-milk-alternative/406274-694960-694961,Sproud Barista Vegan Pea-based Milk Alternative,1litre,£2.25,£2.25/litre,,Dietary & Lifestyle
857539,KIND Gluten Free Peanut Butter Dark Chocolate Bars,G,true,2168,https://ecom-su-static-prod.wtrecom.com/images/products/3/LN_857539_BP_3.jpg,https://www.waitrose.com/ecom/products/kind-gluten-free-peanut-butter-dark-chocolate-bars/857539-728582-728583,KIND Gluten Free Peanut Butter Dark Chocolate Bars,3x30g,£2.00,£2.23/100g,save £1.15. Was £3.15,Dietary & Lifestyle
774451,Tony's Chocolonely Creamy Hazelnut Crunch,G,false,2169,https://ecom-su-static-prod.wtrecom.com/images/products/3/LN_774451_BP_3.jpg,https://www.waitrose.com/ecom/products/tonys-chocolonely-creamy-hazelnut-crunch/774451-777188-777189,Tony's Chocolonely Creamy Hazelnut Crunch,180g,£3.50,£1.95/100g,,Dietary & Lifestyle
756164,Cafédirect FT Decaffeinated Machu Picchu,G,true,2170,https://ecom-su-static-prod.wtrecom.com/images/products/3/LN_756164_BP_3.jpg,https://www.waitrose.com/ecom/products/cafedirect-ft-decaffeinated-machu-picchu/756164-689502-689503,Cafédirect FT Decaffeinated Machu Picchu,200g,£3.50,£1.75/100g,save £1.45. Was £4.95,Dietary & Lifestyle
514153,Belazu Smoked Chilli Nut Mix,G,true,2171,https://ecom-su-static-prod.wtrecom.com/images/products/3/LN_514153_BP_3.jpg,https://www.waitrose.com/ecom/products/belazu-smoked-chilli-nut-mix/514153-753741-753742,Belazu Smoked Chilli Nut Mix,120g,£3.30,£2.75/100g,20% Off. Was £4.15,Dietary & Lifestyle
838840,Organix Banana & Date Fruit Snack Bar,G,true,2172,https://ecom-su-static-prod.wtrecom.com/images/products/3/LN_838840_BP_3.jpg,https://www.waitrose.com/ecom/products/organix-banana-date-fruit-snack-bar/838840-403481-403482,Organix Banana & Date Fruit Snack Bar,6x17g,£3.15,£3.09/100g,Add 2 for £5,Dietary & Lifestyle
696812,Linwoods Flax & Goji Berries,G,false,2173,https://ecom-su-static-prod.wtrecom.com/images/products/3/LN_696812_BP_3.jpg,https://www.waitrose.com/ecom/products/linwoods-flax-goji-berries/696812-450590-450591,Linwoods Flax & Goji Berries,425g,£6.85,£1.62/100g,,Dietary & Lifestyle
628472,Magnum Almond Ice Cream Sticks,G,true,2174,https://ecom-su-static-prod.wtrecom.com/images/products/3/LN_628472_BP_3.jpg,https://www.waitrose.com/ecom/products/magnum-almond-ice-cream-sticks/628472-823404-823405,Magnum Almond Ice Cream Sticks,3x100ml,£3.50,£1.17/100ml,Add 2 for £5,Dietary & Lifestyle
876265,Pieminister Kate & Sidney Pie,G,true,2175,https://ecom-su-static-prod.wtrecom.com/images/products/3/LN_876265_BP_3.jpg,https://www.waitrose.com/ecom/products/pieminister-kate-sidney-pie/876265-555467-555468,Pieminister Kate & Sidney Pie,270g,£4.70,£1.75/100g,Add 2 for £7.50,Dietary & Lifestyle
016616,Waitrose Colombian Coffee Beans,G,false,2176,https://ecom-su-static-prod.wtrecom.com/images/products/3/LN_016616_BP_3.jpg,https://www.waitrose.com/ecom/products/waitrose-colombian-coffee-beans/016616-7981-7982,Waitrose Colombian Coffee Beans,227g,£3.75,£1.66/100g,,Dietary & Lifestyle
773832,Plants By Deliciously Ella Frozen Warming Cauliflower & Lentil Dhal for 1,G,false,2177,https://ecom-su-static-prod.wtrecom.com/images/products/3/LN_773832_BP_3.jpg,https://www.waitrose.com/ecom/products/plants-by-deliciously-ella-frozen-warming-cauliflower-lentil-dhal-for-1/773832-807625-807626,Plants By Deliciously Ella Frozen Warming Cauliflower & Lentil Dhal for 1,300g,£3.75,£1.25/100g,,Dietary & Lifestyle
450573,Mrs Crimble's Gluten Free Cheese Crackers,G,false,2178,https://ecom-su-static-prod.wtrecom.com/images/products/3/LN_450573_BP_3.jpg,https://www.waitrose.com/ecom/products/mrs-crimbles-gluten-free-cheese-crackers/450573-63490-63491,Mrs Crimble's Gluten Free Cheese Crackers,130g,£1.90,£1.47/100g,,Dietary & Lifestyle
081076,Tilda Pure Basmati Rice,G,true,2179,https://ecom-su-static-prod.wtrecom.com/images/products/3/LN_081076_BP_3.jpg,https://www.waitrose.com/ecom/products/tilda-pure-basmati-rice/081076-41255-41256,Tilda Pure Basmati Rice,5kg,£13.50,£2.70/kg,save £3.30. Was £16.80,Dietary & Lifestyle
868363,Tony's Chocolonely Milk Caramel Biscuit,G,false,2180,https://ecom-su-static-prod.wtrecom.com/images/products/3/LN_868363_BP_3.jpg,https://www.waitrose.com/ecom/products/tonys-chocolonely-milk-caramel-biscuit/868363-777234-777235,Tony's Chocolonely Milk Caramel Biscuit,180g,£3.50,£1.95/100g,,Dietary & Lifestyle
675439,Crisp 'N Dry Rapeseed Oil,G,true,2181,https://ecom-su-static-prod.wtrecom.com/images/products/3/LN_675439_BP_3.jpg,https://www.waitrose.com/ecom/products/crisp-n-dry-rapeseed-oil/675439-771895-771896,Crisp 'N Dry Rapeseed Oil,2litre,£3.75,18.8p/100ml,save £1.75. Was £5.50,Dietary & Lifestyle
544065,Heura Plant-Based Chick'n Pieces,G,false,2182,https://ecom-su-static-prod.wtrecom.com/images/products/3/LN_544065_BP_3.jpg,https://www.waitrose.com/ecom/products/heura-plant-based-chickn-pieces/544065-794554-794555,Heura Plant-Based Chick'n Pieces,160g,£3.50,£21.88/kg,,Dietary & Lifestyle
586514,TRIP CBD Lemon Basil,G,false,2183,https://ecom-su-static-prod.wtrecom.com/images/products/3/LN_586514_BP_3.jpg,https://www.waitrose.com/ecom/products/trip-cbd-lemon-basil/586514-806281-806282,TRIP CBD Lemon Basil,4x250ml,£6.50,65p/100ml,,Dietary & Lifestyle
029097,Waitrose Gold 160 Tea Bags,G,false,2184,https://ecom-su-static-prod.wtrecom.com/images/products/3/LN_029097_BP_3.jpg,https://www.waitrose.com/ecom/products/waitrose-gold-160-tea-bags/029097-14171-14172,Waitrose Gold 160 Tea Bags,500g,£4.50,90p/100g,,Dietary & Lifestyle
766619,Fibre One Milk Chocolate Popcorn Bars,G,false,2185,https://ecom-su-static-prod.wtrecom.com/images/products/3/LN_766619_BP_3.jpg,https://www.waitrose.com/ecom/products/fibre-one-milk-chocolate-popcorn-bars/766619-667213-667214,Fibre One Milk Chocolate Popcorn Bars,4x21g,£1.85,£2.21/100g,,Dietary & Lifestyle
560356,Strong Roots Frozen Kale & Quinoa Burgers,G,false,2186,https://ecom-su-static-prod.wtrecom.com/images/products/3/LN_560356_BP_3.jpg,https://www.waitrose.com/ecom/products/strong-roots-frozen-kale-quinoa-burgers/560356-575568-575569,Strong Roots Frozen Kale & Quinoa Burgers,300g,£3.45,£11.50/kg,,Dietary & Lifestyle
441295,Cooks' Ingredients Black Sesame Seeds,G,false,2187,https://ecom-su-static-prod.wtrecom.com/images/products/3/LN_441295_BP_3.jpg,https://www.waitrose.com/ecom/products/cooks-ingredients-black-sesame-seeds/441295-408490-408491,Cooks' Ingredients Black Sesame Seeds,50g,£1.85,37p/10g,,Dietary & Lifestyle
044359,Weetabix Crunchy Bran,G,false,2188,https://ecom-su-static-prod.wtrecom.com/images/products/3/LN_044359_BP_3.jpg,https://www.waitrose.com/ecom/products/weetabix-crunchy-bran/044359-21862-21863,Weetabix Crunchy Bran,375g,£3.15,84p/100g,,Dietary & Lifestyle
003283,Ben & Jerry's Phish Food Chocolate Ice Cream Tub,G,true,2189,https://ecom-su-static-prod.wtrecom.com/images/products/3/LN_003283_BP_3.jpg,https://www.waitrose.com/ecom/products/ben-jerrys-phish-food-chocolate-ice-cream-tub/003283-1251-1252,Ben & Jerry's Phish Food Chocolate Ice Cream Tub,465ml,£3.75,80.6p/100ml,Save £1.75. Was £5.50,Dietary & Lifestyle
803877,Heinz Tomato & Chilli Cup Soup,G,true,2190,https://ecom-su-static-prod.wtrecom.com/images/products/3/LN_803877_BP_3.jpg,https://www.waitrose.com/ecom/products/heinz-tomato-chilli-cup-soup/803877-450678-450679,Heinz Tomato & Chilli Cup Soup,4x22.5g,£1.50,£1.67/100g,Add 3 for £4,Dietary & Lifestyle
648094,KIND Protein Crunchy Peanut Butter,G,true,2191,https://ecom-su-static-prod.wtrecom.com/images/products/3/LN_648094_BP_3.jpg,https://www.waitrose.com/ecom/products/kind-protein-crunchy-peanut-butter/648094-772622-772623,KIND Protein Crunchy Peanut Butter,3x42g,£3.00,£2.39/100g,save 75p. Was £3.75,Dietary & Lifestyle
572140,Knorr Gluten Free Fish Stock Pot,G,false,2192,https://ecom-su-static-prod.wtrecom.com/images/products/3/LN_572140_BP_3.jpg,https://www.waitrose.com/ecom/products/knorr-gluten-free-fish-stock-pot/572140-229879-229880,Knorr Gluten Free Fish Stock Pot,4x28g,£2.00,£1.79/100g,,Dietary & Lifestyle
862787,Knorr Gluten Free Beef Stock Pot,G,false,2193,https://ecom-su-static-prod.wtrecom.com/images/products/3/LN_862787_BP_3.jpg,https://www.waitrose.com/ecom/products/knorr-gluten-free-beef-stock-pot/862787-230087-230088,Knorr Gluten Free Beef Stock Pot,4x28g,£2.00,£1.79/100g,,Dietary & Lifestyle
599391,Humble Warrior Immunity - Pineapple Ginger,G,true,2194,https://ecom-su-static-prod.wtrecom.com/images/products/3/LN_599391_BP_3.jpg,https://www.waitrose.com/ecom/products/humble-warrior-immunity-pineapple-ginger/599391-806287-806288,Humble Warrior Immunity - Pineapple Ginger,4x250ml,£3.66,36.6p/100ml,Save 1/3. Was £5.50,Dietary & Lifestyle
608656,Waitrose Free From Gluten Chocolate Slices,G,false,2195,https://ecom-su-static-prod.wtrecom.com/images/products/3/LN_608656_BP_3.jpg,https://www.waitrose.com/ecom/products/waitrose-free-from-gluten-chocolate-slices/608656-678091-678092,Waitrose Free From Gluten Chocolate Slices,220g,£3.15,£1.44/100g,,Dietary & Lifestyle
887727,Waitrose Gut Health Natural Kefir Drink,G,true,2196,https://ecom-su-static-prod.wtrecom.com/images/products/3/LN_887727_BP_3.jpg,https://www.waitrose.com/ecom/products/waitrose-gut-health-natural-kefir-drink/887727-745671-745672,Waitrose Gut Health Natural Kefir Drink,750ml,£2.00,26.7p/100ml,20% Off. Was £2.50,Dietary & Lifestyle
808195,Easy To Cook Lemon & Thyme Spatchcock Chicken,G,false,2197,https://ecom-su-static-prod.wtrecom.com/images/products/3/LN_808195_BP_3.jpg,https://www.waitrose.com/ecom/products/easy-to-cook-lemon-thyme-spatchcock-chicken/808195-740855-740856,Easy To Cook Lemon & Thyme Spatchcock Chicken,1.2kg,£9.95,£8.30/kg,,Dietary & Lifestyle
851889,Jus Rol Frozen Puff Pastry Sheets,G,false,2198,https://ecom-su-static-prod.wtrecom.com/images/products/3/LN_851889_BP_3.jpg,https://www.waitrose.com/ecom/products/jus-rol-frozen-puff-pastry-sheets/851889-793180-793181,Jus Rol Frozen Puff Pastry Sheets,640g,£2.90,45.3p/100g,,Dietary & Lifestyle
773646,Proper Corn Lightly Sea Salted,G,true,2199,https://ecom-su-static-prod.wtrecom.com/images/products/3/LN_773646_BP_3.jpg,https://www.waitrose.com/ecom/products/proper-corn-lightly-sea-salted/773646-485837-485838,Proper Corn Lightly Sea Salted,70g,£1.50,£2.15/100g,save 50p. Was £2.00,Dietary & Lifestyle
599072,Dell'Ugo Gluten Free Fresh Penne,G,false,2200,https://ecom-su-static-prod.wtrecom.com/images/products/3/LN_599072_BP_3.jpg,https://www.waitrose.com/ecom/products/dellugo-gluten-free-fresh-penne/599072-280944-280945,Dell'Ugo Gluten Free Fresh Penne,300g,£2.50,£8.34/kg,,Dietary & Lifestyle
404908,Lily's Kitchen Chew Sticks with Lamb Dog Treats,G,true,2201,https://ecom-su-static-prod.wtrecom.com/images/products/3/LN_404908_BP_3.jpg,https://www.waitrose.com/ecom/products/lilys-kitchen-chew-sticks-with-lamb-dog-treats/404908-767518-767519,Lily's Kitchen Chew Sticks with Lamb Dog Treats,120g,£2.45,£20.42/kg,save 70p. Was £3.15,Dietary & Lifestyle
541765,Gü Hot Chocolate Melting Middles,G,false,2202,https://ecom-su-static-prod.wtrecom.com/images/products/3/LN_541765_BP_3.jpg,https://www.waitrose.com/ecom/products/gu-hot-chocolate-melting-middles/541765-76578-76579,Gü Hot Chocolate Melting Middles,2x100g,£3.95,£1.98/100g,,Dietary & Lifestyle
581154,Maidea Gluten Free Paccheri Pasta,G,false,2203,https://ecom-su-static-prod.wtrecom.com/images/products/3/LN_581154_BP_3.jpg,https://www.waitrose.com/ecom/products/maidea-gluten-free-paccheri-pasta/581154-745101-745102,Maidea Gluten Free Paccheri Pasta,250g,£3.60,£1.44/100g,,Dietary & Lifestyle
735730,Costa Coffee Latte Iced Coffee Can,G,true,2204,https://ecom-su-static-prod.wtrecom.com/images/products/3/LN_735730_BP_3.jpg,https://www.waitrose.com/ecom/products/costa-coffee-latte-iced-coffee-can/735730-778656-778657,Costa Coffee Latte Iced Coffee Can,250ml,£2.00,£8/litre,"£5 Food to Go Meal Deal: Add 1 Main, 1 Snack and 1 Drink",Dietary & Lifestyle
748899,Beyond Meat Plant-Based Sausage,G,true,2205,https://ecom-su-static-prod.wtrecom.com/images/products/3/LN_748899_BP_3.jpg,https://www.waitrose.com/ecom/products/beyond-meat-plant-based-sausage/748899-794970-794971,Beyond Meat Plant-Based Sausage,200g,£3.15,£1.58/100g,25% Off. Was £4.20,Dietary & Lifestyle
838968,Food Thoughts FT Organic Cacao Powder,G,true,2206,https://ecom-su-static-prod.wtrecom.com/images/products/3/LN_838968_BP_3.jpg,https://www.waitrose.com/ecom/products/food-thoughts-ft-organic-cacao-powder/838968-593937-593938,Food Thoughts FT Organic Cacao Powder,125g,£2.55,£2.04/100g,25% Off. Was £3.40,Dietary & Lifestyle
525588,Waitrose Free From Gluten Green Pea Pasta,G,false,2207,https://ecom-su-static-prod.wtrecom.com/images/products/3/LN_525588_BP_3.jpg,https://www.waitrose.com/ecom/products/waitrose-free-from-gluten-green-pea-pasta/525588-496324-496325,Waitrose Free From Gluten Green Pea Pasta,250g,£2.00,£8/kg,,Dietary & Lifestyle
799673,Biotiful Coconut Kefir Drink,G,false,2208,https://ecom-su-static-prod.wtrecom.com/images/products/3/LN_799673_BP_3.jpg,https://www.waitrose.com/ecom/products/biotiful-coconut-kefir-drink/799673-772828-772829,Biotiful Coconut Kefir Drink,500ml,£2.75,55p/100ml,,Dietary & Lifestyle
734933,Essential Frozen Chicken Thighs,G,false,2209,https://ecom-su-static-prod.wtrecom.com/images/products/3/LN_734933_BP_3.jpg,https://www.waitrose.com/ecom/products/essential-frozen-chicken-thighs/734933-104449-104450,Essential Frozen Chicken Thighs,1.25Kg,£5.65,£4.52/kg,,Dietary & Lifestyle
483670,Bio-tiful Dairy Raspberry Kefir Drink,G,false,2210,https://ecom-su-static-prod.wtrecom.com/images/products/3/LN_483670_BP_3.jpg,https://www.waitrose.com/ecom/products/bio-tiful-dairy-raspberry-kefir-drink/483670-601662-601663,Bio-tiful Dairy Raspberry Kefir Drink,250ml,£1.75,70p/100ml,,Dietary & Lifestyle
826220,Graze Peanut Butter Oat Boosts,G,false,2211,https://ecom-su-static-prod.wtrecom.com/images/products/3/LN_826220_BP_3.jpg,https://www.waitrose.com/ecom/products/graze-peanut-butter-oat-boosts/826220-786360-786361,Graze Peanut Butter Oat Boosts,4x30g,£2.90,£2.42/100g,,Dietary & Lifestyle
407657,Pieminister Moo & Blue Pie,G,true,2212,https://ecom-su-static-prod.wtrecom.com/images/products/3/LN_407657_BP_3.jpg,https://www.waitrose.com/ecom/products/pieminister-moo-blue-pie/407657-446665-446666,Pieminister Moo & Blue Pie,270g,£4.70,£1.75/100g,Add 2 for £7.50,Dietary & Lifestyle
494644,Tony's Chocolonely Dark Milk Pretzel Toffee,G,false,2213,https://ecom-su-static-prod.wtrecom.com/images/products/3/LN_494644_BP_3.jpg,https://www.waitrose.com/ecom/products/tonys-chocolonely-dark-milk-pretzel-toffee/494644-744505-744506,Tony's Chocolonely Dark Milk Pretzel Toffee,180g,£3.50,£1.95/100g,,Dietary & Lifestyle
608605,BEAR Giant Yoyo Apple & Blackcurrant,G,true,2214,https://ecom-su-static-prod.wtrecom.com/images/products/3/LN_608605_BP_3.jpg,https://www.waitrose.com/ecom/products/bear-giant-yoyo-apple-blackcurrant/608605-728310-728311,BEAR Giant Yoyo Apple & Blackcurrant,5s,£2.00,40p each,save 85p. Was £2.85,Dietary & Lifestyle
608022,Treacle Moon Brazilian Love,G,false,2215,https://ecom-su-static-prod.wtrecom.com/images/products/3/LN_608022_BP_3.jpg,https://www.waitrose.com/ecom/products/treacle-moon-brazilian-love/608022-667050-667051,Treacle Moon Brazilian Love,500ml,£2.65,53p/100ml,,Dietary & Lifestyle
888532,Ember Original Biltong,G,false,2216,https://ecom-su-static-prod.wtrecom.com/images/products/3/LN_888532_BP_3.jpg,https://www.waitrose.com/ecom/products/ember-original-biltong/888532-663326-663327,Ember Original Biltong,25g,£2.20,£88/kg,,Dietary & Lifestyle
754123,Waitrose Indian Vegetable Kofta Curry for 2,G,false,2217,https://ecom-su-static-prod.wtrecom.com/images/products/3/LN_754123_BP_3.jpg,https://www.waitrose.com/ecom/products/waitrose-indian-vegetable-kofta-curry-for-2/754123-612530-612531,Waitrose Indian Vegetable Kofta Curry for 2,350g,£4.95,£14.15/kg,,Dietary & Lifestyle
882260,Clipper Organic Sleep Time Chamomile & Lavender 20 Tea Bags,G,true,2218,https://ecom-su-static-prod.wtrecom.com/images/products/3/LN_882260_BP_3.jpg,https://www.waitrose.com/ecom/products/clipper-organic-sleep-time-chamomile-lavender-20-tea-bags/882260-443106-443107,Clipper Organic Sleep Time Chamomile & Lavender 20 Tea Bags,30g,£2.00,£6.67/100g,save 65p. Was £2.65,Dietary & Lifestyle
006745,Essential Mixed Fruit,G,false,2219,https://ecom-su-static-prod.wtrecom.com/images/products/3/LN_006745_BP_3.jpg,https://www.waitrose.com/ecom/products/essential-mixed-fruit/006745-3013-3014,Essential Mixed Fruit,1kg,£3.25,£3.25/kg,,Dietary & Lifestyle
597482,Belazu Truffle & Pecorino Nut Mix,G,true,2220,https://ecom-su-static-prod.wtrecom.com/images/products/3/LN_597482_BP_3.jpg,https://www.waitrose.com/ecom/products/belazu-truffle-pecorino-nut-mix/597482-754063-754064,Belazu Truffle & Pecorino Nut Mix,135g,£4.00,£2.97/100g,20% Off. Was £5.00,Dietary & Lifestyle
034613,HP Brown Sauce Glass Bottle,G,false,2221,https://ecom-su-static-prod.wtrecom.com/images/products/3/LN_034613_BP_3.jpg,https://www.waitrose.com/ecom/products/hp-brown-sauce-glass-bottle/034613-17403-17404,HP Brown Sauce Glass Bottle,255g,£2.30,90.2p/100g,,Dietary & Lifestyle
671551,BFree Gluten Free Oat Loaf,G,false,2222,https://ecom-su-static-prod.wtrecom.com/images/products/3/LN_671551_BP_3.jpg,https://www.waitrose.com/ecom/products/bfree-gluten-free-oat-loaf/671551-791155-791156,BFree Gluten Free Oat Loaf,350g,£3.70,£1.06/100g,,Dietary & Lifestyle
620493,No.1 Dark Chocolate with Spiced Orange,G,false,2223,https://ecom-su-static-prod.wtrecom.com/images/products/3/LN_620493_BP_3.jpg,https://www.waitrose.com/ecom/products/no1-dark-chocolate-with-spiced-orange/620493-706930-706931,No.1 Dark Chocolate with Spiced Orange,100g,£2.25,£2.25/100g,,Dietary & Lifestyle
757616,Alpro Soya Gut Health Peach Dairy Free Yogurt Alternative Multipack,G,true,2224,https://ecom-su-static-prod.wtrecom.com/images/products/3/LN_757616_BP_3.jpg,https://www.waitrose.com/ecom/products/alpro-soya-gut-health-peach-dairy-free-yogurt-alternative-multipack/757616-807058-807059,Alpro Soya Gut Health Peach Dairy Free Yogurt Alternative Multipack,4x125g,£2.00,40p/100g,save 75p. Was £2.75,Dietary & Lifestyle
495468,Weetabix Protein,G,false,2225,https://ecom-su-static-prod.wtrecom.com/images/products/3/LN_495468_BP_3.jpg,https://www.waitrose.com/ecom/products/weetabix-protein/495468-479418-479419,Weetabix Protein,24s,£4.00,16.7p each,,Dietary & Lifestyle
843900,Waitrose Gold Roast Instant Coffee,G,false,2226,https://ecom-su-static-prod.wtrecom.com/images/products/3/LN_843900_BP_3.jpg,https://www.waitrose.com/ecom/products/waitrose-gold-roast-instant-coffee/843900-718637-718638,Waitrose Gold Roast Instant Coffee,200g,£5.50,£2.75/100g,,Dietary & Lifestyle
019869,No.1 Charentais Melon,G,false,2227,https://ecom-su-static-prod.wtrecom.com/images/products/3/LN_019869_BP_3.jpg,https://www.waitrose.com/ecom/products/no1-charentais-melon/019869-9686-9687,No.1 Charentais Melon,Each,£3.20,£3.20 each,,Dietary & Lifestyle
436913,No.1 Costa Rica Tarrazu Ground Coffee,G,false,2228,https://ecom-su-static-prod.wtrecom.com/images/products/3/LN_436913_BP_3.jpg,https://www.waitrose.com/ecom/products/no1-costa-rica-tarrazu-ground-coffee/436913-711580-711581,No.1 Costa Rica Tarrazu Ground Coffee,227g,£4.00,£1.77/100g,,Dietary & Lifestyle
818044,"Innocent Revitalise Raspberry, Cranberry, Pomegranate & Apple High Vitamin Fruit Super Smoothie",G,false,2229,https://ecom-su-static-prod.wtrecom.com/images/products/3/LN_818044_BP_3.jpg,https://www.waitrose.com/ecom/products/innocent-revitalise-raspberry-cranberry-pomegranate-apple-high-vitamin-fruit-super-smoothie/818044-801516-801517,"Innocent Revitalise Raspberry, Cranberry, Pomegranate & Apple High Vitamin Fruit Super Smoothie",750ml,£4.75,£6.34/litre,,Dietary & Lifestyle
067979,Kellogg's Special K Peach & Apricot Breakfast Cereal,G,false,2230,https://ecom-su-static-prod.wtrecom.com/images/products/3/LN_067979_BP_3.jpg,https://www.waitrose.com/ecom/products/kelloggs-special-k-peach-apricot-breakfast-cereal/067979-34509-34510,Kellogg's Special K Peach & Apricot Breakfast Cereal,360g,£3.45,95.8p/100g,,Dietary & Lifestyle
484959,Heinz 50% Less Sugar & Salt Tomato Ketchup,G,false,2231,https://ecom-su-static-prod.wtrecom.com/images/products/3/LN_484959_BP_3.jpg,https://www.waitrose.com/ecom/products/heinz-50-less-sugar-salt-tomato-ketchup/484959-727066-727067,Heinz 50% Less Sugar & Salt Tomato Ketchup,880g,£4.50,51.1p/100g,,Dietary & Lifestyle
848416,Plants By Deliciously Ella Mediterranean Sundried Red Tomato Vegan Pesto,G,true,2232,https://ecom-su-static-prod.wtrecom.com/images/products/3/LN_848416_BP_3.jpg,https://www.waitrose.com/ecom/products/plants-by-deliciously-ella-mediterranean-sundried-red-tomato-vegan-pesto/848416-802646-802647,Plants By Deliciously Ella Mediterranean Sundried Red Tomato Vegan Pesto,180g,£2.40,£1.34/100g,20% Off. Was £3.00,Dietary & Lifestyle
402605,Get Buzzing Banana Bars,G,true,2233,https://ecom-su-static-prod.wtrecom.com/images/products/3/LN_402605_BP_3.jpg,https://www.waitrose.com/ecom/products/get-buzzing-banana-bars/402605-56656-56657,Get Buzzing Banana Bars,3x62g,£2.00,£1.08/100g,save 50p. Was £2.50,Dietary & Lifestyle
782822,Chicago Town Four Cheese Melt Stuffed Crust,G,true,2234,https://ecom-su-static-prod.wtrecom.com/images/products/3/LN_782822_BP_3.jpg,https://www.waitrose.com/ecom/products/chicago-town-four-cheese-melt-stuffed-crust/782822-111400-111401,Chicago Town Four Cheese Melt Stuffed Crust,630g,£5.25,£8.34/kg,Add 2 for £8,Dietary & Lifestyle
882945,Waitrose Gold Roast Instant Coffee,G,false,2235,https://ecom-su-static-prod.wtrecom.com/images/products/3/LN_882945_BP_3.jpg,https://www.waitrose.com/ecom/products/waitrose-gold-roast-instant-coffee/882945-719087-719088,Waitrose Gold Roast Instant Coffee,100g,£3.50,£3.50/100g,,Dietary & Lifestyle
377437,Cooks' Ingredients Scotch Bonnet Chillies,G,false,2236,https://ecom-su-static-prod.wtrecom.com/images/products/3/LN_377437_BP_3.jpg,https://www.waitrose.com/ecom/products/cooks-ingredients-scotch-bonnet-chillies/377437-239291-239292,Cooks' Ingredients Scotch Bonnet Chillies,50g,£1.40,£28/kg,,Dietary & Lifestyle
067395,Waitrose Vine Fruit Mix,G,false,2237,https://ecom-su-static-prod.wtrecom.com/images/products/3/LN_067395_BP_3.jpg,https://www.waitrose.com/ecom/products/waitrose-vine-fruit-mix/067395-34191-34192,Waitrose Vine Fruit Mix,1kg,£4.95,49.5p/100g,,Dietary & Lifestyle
545265,PlantLiving: Singapore Noodles for 1,G,false,2238,https://ecom-su-static-prod.wtrecom.com/images/products/3/LN_545265_BP_3.jpg,https://www.waitrose.com/ecom/products/plantliving-singapore-noodles-for-1/545265-788362-788363,PlantLiving: Singapore Noodles for 1,350g,£4.00,£1.15/100g,,Dietary & Lifestyle
702761,Dell'Ugo Pumpkin Gnocchi,G,false,2239,https://ecom-su-static-prod.wtrecom.com/images/products/3/LN_702761_BP_3.jpg,https://www.waitrose.com/ecom/products/dellugo-pumpkin-gnocchi/702761-661905-661906,Dell'Ugo Pumpkin Gnocchi,450g,£3.50,£7.78/kg,,Dietary & Lifestyle
684822,Crespo Pitted Green Olives Chilli,G,true,2240,https://ecom-su-static-prod.wtrecom.com/images/products/3/LN_684822_BP_3.jpg,https://www.waitrose.com/ecom/products/crespo-pitted-green-olives-chilli/684822-357498-357499,Crespo Pitted Green Olives Chilli,70g,£1.10,£1.58/100g,25% Off. Was £1.50,Dietary & Lifestyle
573198,Waitrose Marquess Grey 50 Tea Bags,G,false,2241,https://ecom-su-static-prod.wtrecom.com/images/products/3/LN_573198_BP_3.jpg,https://www.waitrose.com/ecom/products/waitrose-marquess-grey-50-tea-bags/573198-145634-145635,Waitrose Marquess Grey 50 Tea Bags,125g,£1.95,£1.56/100g,,Dietary & Lifestyle
669708,"Plants By Deliciously Ella Pea, Chickpea & Spinach Burger",G,false,2242,https://ecom-su-static-prod.wtrecom.com/images/products/3/LN_669708_BP_3.jpg,https://www.waitrose.com/ecom/products/plants-by-deliciously-ella-pea-chickpea-spinach-burger/669708-810947-810948,"Plants By Deliciously Ella Pea, Chickpea & Spinach Burger",220g,£3.50,£15.91/kg,,Dietary & Lifestyle
871017,Violife Vegan Greek Dairy Free Cheese Block,G,false,2243,https://ecom-su-static-prod.wtrecom.com/images/products/3/LN_871017_BP_3.jpg,https://www.waitrose.com/ecom/products/violife-vegan-greek-dairy-free-cheese-block/871017-715188-715189,Violife Vegan Greek Dairy Free Cheese Block,drained 200g,£3.15,£15.75/kg,,Dietary & Lifestyle
476707,Crosta & Mollica Ovali,G,false,2244,https://ecom-su-static-prod.wtrecom.com/images/products/3/LN_476707_BP_3.jpg,https://www.waitrose.com/ecom/products/crosta-mollica-ovali/476707-748953-748954,Crosta & Mollica Ovali,120g,£2.10,£1.75/100g,,Dietary & Lifestyle
646803,Waitrose Quick Cook Italian Spelt,G,false,2245,https://ecom-su-static-prod.wtrecom.com/images/products/3/LN_646803_BP_3.jpg,https://www.waitrose.com/ecom/products/waitrose-quick-cook-italian-spelt/646803-237584-237585,Waitrose Quick Cook Italian Spelt,250g,£1.80,£7.20/kg,,Dietary & Lifestyle
819836,Kellogg's Coco Pops Chocolate Breakfast Cereal,G,false,2246,https://ecom-su-static-prod.wtrecom.com/images/products/3/LN_819836_BP_3.jpg,https://www.waitrose.com/ecom/products/kelloggs-coco-pops-chocolate-breakfast-cereal/819836-803406-803407,Kellogg's Coco Pops Chocolate Breakfast Cereal,430g,£3.45,80.2p/100g,,Dietary & Lifestyle
756176,John West No Drain Tuna Steak in Olive Oil,G,false,2247,https://ecom-su-static-prod.wtrecom.com/images/products/3/LN_756176_BP_3.jpg,https://www.waitrose.com/ecom/products/john-west-no-drain-tuna-steak-in-olive-oil/756176-631547-631548,John West No Drain Tuna Steak in Olive Oil,110g,£2.50,£2.28/100g,,Dietary & Lifestyle
029152,Heinz Weight Watchers Tomato Soup,G,true,2248,https://ecom-su-static-prod.wtrecom.com/images/products/3/LN_029152_BP_3.jpg,https://www.waitrose.com/ecom/products/heinz-weight-watchers-tomato-soup/029152-14219-14220,Heinz Weight Watchers Tomato Soup,295g,£1.30,44.1p/100g,Add 3 for £3.50,Dietary & Lifestyle
011630,Waitrose Muesli Base,G,false,2249,https://ecom-su-static-prod.wtrecom.com/images/products/3/LN_011630_BP_3.jpg,https://www.waitrose.com/ecom/products/waitrose-muesli-base/011630-5772-5773,Waitrose Muesli Base,750g,£3.00,40p/100g,,Dietary & Lifestyle
729938,Mirabeau La Folie Rosé France,W,true,2250,https://ecom-su-static-prod.wtrecom.com/images/products/3/LN_729938_BP_3.jpg,https://www.waitrose.com/ecom/products/mirabeau-la-folie-rose-france/729938-600788-600789,Mirabeau La Folie Rosé France,75cl,£9.99,£9.99/75cl,save £2.00. Was £11.99,Dietary & Lifestyle
088187,Essential Home Ripening Peaches,G,false,2251,https://ecom-su-static-prod.wtrecom.com/images/products/3/LN_088187_BP_3.jpg,https://www.waitrose.com/ecom/products/essential-home-ripening-peaches/088187-372147-45156,Essential Home Ripening Peaches,4s,£3.00,75p each,,Dietary & Lifestyle
635651,Waitrose Gut Health Raspberry Kefir Drink,G,true,2252,https://ecom-su-static-prod.wtrecom.com/images/products/3/LN_635651_BP_3.jpg,https://www.waitrose.com/ecom/products/waitrose-gut-health-raspberry-kefir-drink/635651-745195-745196,Waitrose Gut Health Raspberry Kefir Drink,750ml,£2.00,26.7p/100ml,20% Off. Was £2.50,Dietary & Lifestyle
376606,Bollinger Rosé NV Champagne,W,false,2253,https://ecom-su-static-prod.wtrecom.com/images/products/3/LN_376606_BP_3.jpg,https://www.waitrose.com/ecom/products/bollinger-rose-nv-champagne/376606-53030-53031,Bollinger Rosé NV Champagne,75cl,£61.99,£61.99/75cl,,Dietary & Lifestyle
916593,Deliciously Ella Lemon & Poppy Seed Oat Bars,G,false,2254,https://ecom-su-static-prod.wtrecom.com/images/products/3/LN_916593_BP_3.jpg,https://www.waitrose.com/ecom/products/deliciously-ella-lemon-poppy-seed-oat-bars/916593-826798-826799,Deliciously Ella Lemon & Poppy Seed Oat Bars,3x50g,£2.80,£1.87/100g,,Dietary & Lifestyle
432429,Crosta & Mollica Panettone Classico,G,false,2255,https://ecom-su-static-prod.wtrecom.com/images/products/3/LN_432429_BP_3.jpg,https://www.waitrose.com/ecom/products/crosta-mollica-panettone-classico/432429-772454-772455,Crosta & Mollica Panettone Classico,100g,£1.55,£1.55/100g,,Dietary & Lifestyle
452579,Booja-Booja Gluten Free & Vegan Hazelnut Crunch Truffles,G,false,2256,https://ecom-su-static-prod.wtrecom.com/images/products/3/LN_452579_BP_3.jpg,https://www.waitrose.com/ecom/products/booja-booja-gluten-free-vegan-hazelnut-crunch-truffles/452579-728136-728137,Booja-Booja Gluten Free & Vegan Hazelnut Crunch Truffles,92g,£6.50,£7.07/100g,,Dietary & Lifestyle
078744,Belazu 1.34 Balsamic Vinegar of Modena,G,false,2257,https://ecom-su-static-prod.wtrecom.com/images/products/3/LN_078744_BP_3.jpg,https://www.waitrose.com/ecom/products/belazu-134-balsamic-vinegar-of-modena/078744-40089-40090,Belazu 1.34 Balsamic Vinegar of Modena,250ml,£15.25,£6.10/100ml,,Dietary & Lifestyle
524594,Strong Roots Frozen Pumpkin & Spinach Burger,G,true,2258,https://ecom-su-static-prod.wtrecom.com/images/products/3/LN_524594_BP_3.jpg,https://www.waitrose.com/ecom/products/strong-roots-frozen-pumpkin-spinach-burger/524594-727161-727162,Strong Roots Frozen Pumpkin & Spinach Burger,300g,£2.55,£8.50/kg,25% Off. Was £3.45,Dietary & Lifestyle
757723,Divine FT 70% Dark Chocolate with Raspberries,G,false,2259,https://ecom-su-static-prod.wtrecom.com/images/products/3/LN_757723_BP_3.jpg,https://www.waitrose.com/ecom/products/divine-ft-70-dark-chocolate-with-raspberries/757723-107791-107792,Divine FT 70% Dark Chocolate with Raspberries,90g,£2.80,£3.12/100g,,Dietary & Lifestyle
880826,Heinz Baked Beans Barbecue,G,true,2260,https://ecom-su-static-prod.wtrecom.com/images/products/3/LN_880826_BP_3.jpg,https://www.waitrose.com/ecom/products/heinz-baked-beans-barbecue/880826-362067-362068,Heinz Baked Beans Barbecue,390g,£1.40,£3.59/kg,Add 2 for £2,Dietary & Lifestyle
871108,Faith in Nature Aloe Vera Soap,G,true,2261,https://ecom-su-static-prod.wtrecom.com/images/products/3/LN_871108_BP_3.jpg,https://www.waitrose.com/ecom/products/faith-in-nature-aloe-vera-soap/871108-719961-719962,Faith in Nature Aloe Vera Soap,100g,£2.15,£2.15/100g,Save 1/3. Was £3.25,Dietary & Lifestyle
088812,Waitrose Deglet Nour Dates,G,false,2262,https://ecom-su-static-prod.wtrecom.com/images/products/3/LN_088812_BP_3.jpg,https://www.waitrose.com/ecom/products/waitrose-deglet-nour-dates/088812-45643-45644,Waitrose Deglet Nour Dates,225g,£3.00,£13.34/kg,,Dietary & Lifestyle
029441,Baxters Cock-A-Leekie Soup,G,false,2263,https://ecom-su-static-prod.wtrecom.com/images/products/3/LN_029441_BP_3.jpg,https://www.waitrose.com/ecom/products/baxters-cock-a-leekie-soup/029441-14397-14398,Baxters Cock-A-Leekie Soup,400g,£2.00,50p/100g,,Dietary & Lifestyle
710407,PlantLiving: Vegan Smoky Chilli with Rice for 1,G,false,2264,https://ecom-su-static-prod.wtrecom.com/images/products/3/LN_710407_BP_3.jpg,https://www.waitrose.com/ecom/products/plantliving-vegan-smoky-chilli-with-rice-for-1/710407-762658-762659,PlantLiving: Vegan Smoky Chilli with Rice for 1,380g,£4.00,£10.53/kg,,Dietary & Lifestyle
028152,Waitrose Poppy Seeds,G,false,2265,https://ecom-su-static-prod.wtrecom.com/images/products/3/LN_028152_BP_3.jpg,https://www.waitrose.com/ecom/products/waitrose-poppy-seeds/028152-13690-13691,Waitrose Poppy Seeds,100g,£1.25,£12.50/kg,,Dietary & Lifestyle
714166,Candy Kittens Limited Edition Loves,G,false,2266,https://ecom-su-static-prod.wtrecom.com/images/products/3/LN_714166_BP_3.jpg,https://www.waitrose.com/ecom/products/candy-kittens-limited-edition-loves/714166-777173-777174,Candy Kittens Limited Edition Loves,140g,£2.75,£1.97/100g,,Dietary & Lifestyle
501357,Moma Oat Milk Unsweetened Dairy Free Whole Milk Alternative,G,false,2267,https://ecom-su-static-prod.wtrecom.com/images/products/3/LN_501357_BP_3.jpg,https://www.waitrose.com/ecom/products/moma-oat-milk-unsweetened-dairy-free-whole-milk-alternative/501357-772806-772807,Moma Oat Milk Unsweetened Dairy Free Whole Milk Alternative,1litre,£2.10,£2.10/litre,,Dietary & Lifestyle
809546,MOTH French 75 Cocktail,G,true,2268,https://ecom-su-static-prod.wtrecom.com/images/products/3/LN_809546_BP_3.jpg,https://www.waitrose.com/ecom/products/moth-french-75-cocktail/809546-791219-791220,MOTH French 75 Cocktail,200ml,£3.99,£19.95/litre,Mix & Match Add 4 for 3 Cheapest Item Free,Dietary & Lifestyle
632755,Clive's Organic Creamy Mushroom Pie,G,true,2269,https://ecom-su-static-prod.wtrecom.com/images/products/3/LN_632755_BP_3.jpg,https://www.waitrose.com/ecom/products/clives-organic-creamy-mushroom-pie/632755-664997-664998,Clive's Organic Creamy Mushroom Pie,235g,£3.08,£1.32/100g,20% Off. Was £3.85,Dietary & Lifestyle
732853,Cathedral City Plant Based Sliced Dairy Free Cheese,G,true,2270,https://ecom-su-static-prod.wtrecom.com/images/products/3/LN_732853_BP_3.jpg,https://www.waitrose.com/ecom/products/cathedral-city-plant-based-sliced-dairy-free-cheese/732853-803366-803367,Cathedral City Plant Based Sliced Dairy Free Cheese,150g,£2.00,£13.34/kg,save 40p. Was £2.40,Dietary & Lifestyle
542686,Bonne Maman Strawberry & Raspberry Compote,G,true,2271,https://ecom-su-static-prod.wtrecom.com/images/products/3/LN_542686_BP_3.jpg,https://www.waitrose.com/ecom/products/bonne-maman-strawberry-raspberry-compote/542686-702723-702724,Bonne Maman Strawberry & Raspberry Compote,2x130g,£2.75,£1.06/100g,save 70p. Was £3.45,Dietary & Lifestyle
788460,BEAR Yo Yos Apple,G,true,2272,https://ecom-su-static-prod.wtrecom.com/images/products/3/LN_788460_BP_3.jpg,https://www.waitrose.com/ecom/products/bear-yo-yos-apple/788460-281907-281908,BEAR Yo Yos Apple,5s,£2.00,40p each,save 85p. Was £2.85,Dietary & Lifestyle
412938,Pieminister Gluten Free Ranger Chicken & Leek,G,true,2273,https://ecom-su-static-prod.wtrecom.com/images/products/3/LN_412938_BP_3.jpg,https://www.waitrose.com/ecom/products/pieminister-gluten-free-ranger-chicken-leek/412938-549775-549776,Pieminister Gluten Free Ranger Chicken & Leek,275g,£4.20,£1.53/100g,save £1.25. Was £5.45,Dietary & Lifestyle
438406,OGGS Victoria Sponge Cakes,G,false,2274,https://ecom-su-static-prod.wtrecom.com/images/products/3/LN_438406_BP_3.jpg,https://www.waitrose.com/ecom/products/oggs-victoria-sponge-cakes/438406-693621-693622,OGGS Victoria Sponge Cakes,4x46g,£4.15,£2.26/100g,,Dietary & Lifestyle
454130,Baxters Vegetarian Green Lentil & Tomato,G,false,2275,https://ecom-su-static-prod.wtrecom.com/images/products/3/LN_454130_BP_3.jpg,https://www.waitrose.com/ecom/products/baxters-vegetarian-green-lentil-tomato/454130-371224-371225,Baxters Vegetarian Green Lentil & Tomato,400g,£2.10,52.5p/100g,,Dietary & Lifestyle
484779,Belazu Black Olive Tapenade,G,false,2276,https://ecom-su-static-prod.wtrecom.com/images/products/3/LN_484779_BP_3.jpg,https://www.waitrose.com/ecom/products/belazu-black-olive-tapenade/484779-662552-662553,Belazu Black Olive Tapenade,170g,£3.80,£2.24/100g,,Dietary & Lifestyle
847260,Charlie Bigham's Butter Chicken & Pilau Rice Curry for 2,G,false,2277,https://ecom-su-static-prod.wtrecom.com/images/products/3/LN_847260_BP_3.jpg,https://www.waitrose.com/ecom/products/charlie-bighams-butter-chicken-pilau-rice-curry-for-2/847260-755085-755086,Charlie Bigham's Butter Chicken & Pilau Rice Curry for 2,812g,£9.50,£11.70/kg,,Dietary & Lifestyle
363619,LoveLife Frozen Tropical Smoothie Mix,G,false,2278,https://ecom-su-static-prod.wtrecom.com/images/products/3/LN_363619_BP_3.jpg,https://www.waitrose.com/ecom/products/lovelife-frozen-tropical-smoothie-mix/363619-137891-137892,LoveLife Frozen Tropical Smoothie Mix,480g,£2.65,£5.53/kg,,Dietary & Lifestyle
076972,Essential Minestrone Cup Soup with Croutons,G,false,2279,https://ecom-su-static-prod.wtrecom.com/images/products/3/LN_076972_BP_3.jpg,https://www.waitrose.com/ecom/products/essential-minestrone-cup-soup-with-croutons/076972-39127-39128,Essential Minestrone Cup Soup with Croutons,4x18g,90p,£1.25/100g,,Dietary & Lifestyle
787090,Holy Moly Guacamole Jalapeno & Red Pepper,G,true,2280,https://ecom-su-static-prod.wtrecom.com/images/products/3/LN_787090_BP_3.jpg,https://www.waitrose.com/ecom/products/holy-moly-guacamole-jalapeno-red-pepper/787090-653654-653655,Holy Moly Guacamole Jalapeno & Red Pepper,150g,£1.91,£1.28/100g,25% Off. Was £2.55,Dietary & Lifestyle
839951,Nature's Path Gluten Free Maple Sunrise Cereal Flakes,G,false,2281,https://ecom-su-static-prod.wtrecom.com/images/products/3/LN_839951_BP_3.jpg,https://www.waitrose.com/ecom/products/natures-path-gluten-free-maple-sunrise-cereal-flakes/839951-174747-174748,Nature's Path Gluten Free Maple Sunrise Cereal Flakes,332g,£3.65,£1.10/100g,,Dietary & Lifestyle
505380,Unearthed Spanish Red Pepper Omelette,G,true,2282,https://ecom-su-static-prod.wtrecom.com/images/products/3/LN_505380_BP_3.jpg,https://www.waitrose.com/ecom/products/unearthed-spanish-red-pepper-omelette/505380-693492-693493,Unearthed Spanish Red Pepper Omelette,250g,£2.40,96p/100g,25% Off. Was £3.20,Dietary & Lifestyle
693481,"Kellogg's Special K Protein Nuts, Clusters & Seeds Breakfast Cereal",G,false,2283,https://ecom-su-static-prod.wtrecom.com/images/products/3/LN_693481_BP_3.jpg,https://www.waitrose.com/ecom/products/kelloggs-special-k-protein-nuts-clusters-seeds-breakfast-cereal/693481-684265-684266,"Kellogg's Special K Protein Nuts, Clusters & Seeds Breakfast Cereal",330g,£3.25,98.5p/100g,,Dietary & Lifestyle
792679,Heinz Baked Beans Curry,G,true,2284,https://ecom-su-static-prod.wtrecom.com/images/products/3/LN_792679_BP_3.jpg,https://www.waitrose.com/ecom/products/heinz-baked-beans-curry/792679-229985-229986,Heinz Baked Beans Curry,390g,£1.40,£3.59/kg,Add 2 for £2,Dietary & Lifestyle
602348,Alpro Soya Gut Health Strawberry Dairy Free Yogurt Alternative Multipack,G,true,2285,https://ecom-su-static-prod.wtrecom.com/images/products/3/LN_602348_BP_3.jpg,https://www.waitrose.com/ecom/products/alpro-soya-gut-health-strawberry-dairy-free-yogurt-alternative-multipack/602348-807050-807051,Alpro Soya Gut Health Strawberry Dairy Free Yogurt Alternative Multipack,4x125g,£2.00,40p/100g,save 75p. Was £2.75,Dietary & Lifestyle
772810,Ben & Jerry's & Tony's Non-Dairy Chocolatey Love A-Fair,G,false,2286,https://ecom-su-static-prod.wtrecom.com/images/products/3/LN_772810_BP_3.jpg,https://www.waitrose.com/ecom/products/ben-jerrys-tonys-non-dairy-chocolatey-love-a-fair/772810-823416-823417,Ben & Jerry's & Tony's Non-Dairy Chocolatey Love A-Fair,465ml,£5.80,£1.25/100ml,,Dietary & Lifestyle
608959,Merchant Gourmet Cajun-Style Lentils & Beans,G,true,2287,https://ecom-su-static-prod.wtrecom.com/images/products/3/LN_608959_BP_3.jpg,https://www.waitrose.com/ecom/products/merchant-gourmet-cajun-style-lentils-beans/608959-747476-747477,Merchant Gourmet Cajun-Style Lentils & Beans,250g,£1.50,60p/100g,save 60p. Was £2.10,Dietary & Lifestyle
720310,This Isn't Bacon Plant-Based Rashers,G,false,2288,https://ecom-su-static-prod.wtrecom.com/images/products/3/LN_720310_BP_3.jpg,https://www.waitrose.com/ecom/products/this-isnt-bacon-plant-based-rashers/720310-815978-815979,This Isn't Bacon Plant-Based Rashers,120g,£3.60,£3/100g,,Dietary & Lifestyle
458722,Tilda Tomato & Basil Basmati Rice,G,true,2289,https://ecom-su-static-prod.wtrecom.com/images/products/3/LN_458722_BP_3.jpg,https://www.waitrose.com/ecom/products/tilda-tomato-basil-basmati-rice/458722-211632-211633,Tilda Tomato & Basil Basmati Rice,250g,£1.00,£4/kg,save 85p. Was £1.85,Dietary & Lifestyle
861030,Kiddylicious Cheesy Veggie Straws,G,false,2290,https://ecom-su-static-prod.wtrecom.com/images/products/3/LN_861030_BP_3.jpg,https://www.waitrose.com/ecom/products/kiddylicious-cheesy-veggie-straws/861030-718827-718828,Kiddylicious Cheesy Veggie Straws,4s,£2.80,£5.84/100g,,Dietary & Lifestyle
669413,Tilda Sweet Chilli & Lime Basmati Rice,G,true,2291,https://ecom-su-static-prod.wtrecom.com/images/products/3/LN_669413_BP_3.jpg,https://www.waitrose.com/ecom/products/tilda-sweet-chilli-lime-basmati-rice/669413-95011-95012,Tilda Sweet Chilli & Lime Basmati Rice,250g,£1.00,£4/kg,save 85p. Was £1.85,Dietary & Lifestyle
636921,Quaker Oat So Simple Sweet Cinnamon Porridge Pot,G,true,2292,https://ecom-su-static-prod.wtrecom.com/images/products/3/LN_636921_BP_3.jpg,https://www.waitrose.com/ecom/products/quaker-oat-so-simple-sweet-cinnamon-porridge-pot/636921-181519-181520,Quaker Oat So Simple Sweet Cinnamon Porridge Pot,57g,£1.35,£2.37/100g,Add 4 for £4,Dietary & Lifestyle
602927,Deliciously Ella Vegan Peanut Butter Cups,G,false,2293,https://ecom-su-static-prod.wtrecom.com/images/products/3/LN_602927_BP_3.jpg,https://www.waitrose.com/ecom/products/deliciously-ella-vegan-peanut-butter-cups/602927-768241-768242,Deliciously Ella Vegan Peanut Butter Cups,36g,£1.65,£4.59/100g,,Dietary & Lifestyle
896692,RE:NOURISH Digest Soup,G,true,2294,https://ecom-su-static-prod.wtrecom.com/images/products/3/LN_896692_BP_3.jpg,https://www.waitrose.com/ecom/products/re-nourish-digest-soup/896692-706861-706862,RE:NOURISH Digest Soup,500g,£2.65,53p/100g,save 55p. Was £3.20,Dietary & Lifestyle
086327,Waitrose Dried Pitted Deglet Nour Dates,G,false,2295,https://ecom-su-static-prod.wtrecom.com/images/products/3/LN_086327_BP_3.jpg,https://www.waitrose.com/ecom/products/waitrose-dried-pitted-deglet-nour-dates/086327-44082-44083,Waitrose Dried Pitted Deglet Nour Dates,500g,£4.50,£9/kg,,Dietary & Lifestyle
867427,Baxters Vegetarian Soup Spicy Parsnip,G,false,2296,https://ecom-su-static-prod.wtrecom.com/images/products/3/LN_867427_BP_3.jpg,https://www.waitrose.com/ecom/products/baxters-vegetarian-soup-spicy-parsnip/867427-230097-230098,Baxters Vegetarian Soup Spicy Parsnip,400g,£2.10,52.5p/100g,,Dietary & Lifestyle
699639,BFree Gluten Free Tiger Rolls,G,true,2297,https://ecom-su-static-prod.wtrecom.com/images/products/3/LN_699639_BP_3.jpg,https://www.waitrose.com/ecom/products/bfree-gluten-free-tiger-rolls/699639-791167-791168,BFree Gluten Free Tiger Rolls,240g,£2.50,£1.05/100g,save 90p. Was £3.40,Dietary & Lifestyle
039651,Duchy Organic Couscous,G,false,2298,https://ecom-su-static-prod.wtrecom.com/images/products/3/LN_039651_BP_3.jpg,https://www.waitrose.com/ecom/products/duchy-organic-couscous/039651-19638-19639,Duchy Organic Couscous,500g,£2.00,£4/kg,,Dietary & Lifestyle
755263,Organix Apple Rice Cakes,G,false,2299,https://ecom-su-static-prod.wtrecom.com/images/products/3/LN_755263_BP_3.jpg,https://www.waitrose.com/ecom/products/organix-apple-rice-cakes/755263-791585-791586,Organix Apple Rice Cakes,4x18g,£3.15,£4.38/100g,,Dietary & Lifestyle
880788,Biotiful Gut Health Organic Baked Kefir Drink,G,false,2300,https://ecom-su-static-prod.wtrecom.com/images/products/3/LN_880788_BP_3.jpg,https://www.waitrose.com/ecom/products/biotiful-gut-health-organic-baked-kefir-drink/880788-811063-811064,Biotiful Gut Health Organic Baked Kefir Drink,500ml,£2.95,59p/100ml,,Dietary & Lifestyle
745093,Cadbury Chocolate Limited Edition Dessert,G,true,2301,https://ecom-su-static-prod.wtrecom.com/images/products/3/LN_745093_BP_3.jpg,https://www.waitrose.com/ecom/products/cadbury-chocolate-limited-edition-dessert/745093-105898-105899,Cadbury Chocolate Limited Edition Dessert,75g,85p,£1.14/100g,Save 1/3. Was £1.30,Dietary & Lifestyle
476410,Teapigs Peppermint Leaves 40 Tea Temples,G,false,2302,https://ecom-su-static-prod.wtrecom.com/images/products/3/LN_476410_BP_3.jpg,https://www.waitrose.com/ecom/products/teapigs-peppermint-leaves-40-tea-temples/476410-692830-692831,Teapigs Peppermint Leaves 40 Tea Temples,80g,£9.15,£11.44/100g,,Dietary & Lifestyle
423478,Plants By Deliciously Ella Spiced Veggie Bites,G,false,2303,https://ecom-su-static-prod.wtrecom.com/images/products/3/LN_423478_BP_3.jpg,https://www.waitrose.com/ecom/products/plants-by-deliciously-ella-spiced-veggie-bites/423478-804306-804307,Plants By Deliciously Ella Spiced Veggie Bites,171g,£2.70,£15.79/kg,,Dietary & Lifestyle
883057,Heinz Beanz with Vegan Sausage,G,true,2304,https://ecom-su-static-prod.wtrecom.com/images/products/3/LN_883057_BP_3.jpg,https://www.waitrose.com/ecom/products/heinz-beanz-with-vegan-sausage/883057-800876-800877,Heinz Beanz with Vegan Sausage,415g,£2.00,£4.82/kg,Add 3 for £4.50,Dietary & Lifestyle
062395,Tilda Wholegrain Basmati Rice,G,false,2305,https://ecom-su-static-prod.wtrecom.com/images/products/3/LN_062395_BP_3.jpg,https://www.waitrose.com/ecom/products/tilda-wholegrain-basmati-rice/062395-31679-31680,Tilda Wholegrain Basmati Rice,1kg,£5.25,£5.25/kg,,Dietary & Lifestyle
859718,Flora Plant Unsalted Butter Alternative,G,false,2306,https://ecom-su-static-prod.wtrecom.com/images/products/3/LN_859718_BP_3.jpg,https://www.waitrose.com/ecom/products/flora-plant-unsalted-butter-alternative/859718-747884-747885,Flora Plant Unsalted Butter Alternative,200g,£1.85,£9.25/kg,,Dietary & Lifestyle
631414,Urban Fruit Gluten Free Baked Coconut Chips,G,false,2307,https://ecom-su-static-prod.wtrecom.com/images/products/3/LN_631414_BP_3.jpg,https://www.waitrose.com/ecom/products/urban-fruit-gluten-free-baked-coconut-chips/631414-658371-658372,Urban Fruit Gluten Free Baked Coconut Chips,4x18g,£3.20,£4.45/100g,,Dietary & Lifestyle
896417,Waitrose Sticky Toffee Pudding,G,false,2308,https://ecom-su-static-prod.wtrecom.com/images/products/3/LN_896417_BP_3.jpg,https://www.waitrose.com/ecom/products/waitrose-sticky-toffee-pudding/896417-620265-620266,Waitrose Sticky Toffee Pudding,450g,£3.95,87.8p/100g,,Dietary & Lifestyle
893783,Schär Gluten Free Pizza Base,G,false,2309,https://ecom-su-static-prod.wtrecom.com/images/products/3/LN_893783_BP_3.jpg,https://www.waitrose.com/ecom/products/schar-gluten-free-pizza-base/893783-368564-368565,Schär Gluten Free Pizza Base,2x150g,£3.50,£11.67/kg,,Dietary & Lifestyle
676735,"Waitrose Pea, Edamame & Spinach Soup",G,false,2310,https://ecom-su-static-prod.wtrecom.com/images/products/3/LN_676735_BP_3.jpg,https://www.waitrose.com/ecom/products/waitrose-pea-edamame-spinach-soup/676735-696582-696583,"Waitrose Pea, Edamame & Spinach Soup",400g,£1.10,27.5p/100g,,Dietary & Lifestyle
690328,Waitrose Lapsang Souchong 50 Tea Bags,G,false,2311,https://ecom-su-static-prod.wtrecom.com/images/products/3/LN_690328_BP_3.jpg,https://www.waitrose.com/ecom/products/waitrose-lapsang-souchong-50-tea-bags/690328-442968-442969,Waitrose Lapsang Souchong 50 Tea Bags,125g,£1.95,£1.56/100g,,Dietary & Lifestyle
544809,Ella's Kitchen Chicken Mash,G,true,2312,https://ecom-su-static-prod.wtrecom.com/images/products/3/LN_544809_BP_3.jpg,https://www.waitrose.com/ecom/products/ellas-kitchen-chicken-mash/544809-134541-134542,Ella's Kitchen Chicken Mash,130g,£1.80,£1.39/100g,Add 5 for £7,Dietary & Lifestyle
771321,Kallo Organic Mushroom 6 Stock Cubes,G,false,2313,https://ecom-su-static-prod.wtrecom.com/images/products/3/LN_771321_BP_3.jpg,https://www.waitrose.com/ecom/products/kallo-organic-mushroom-6-stock-cubes/771321-730846-730847,Kallo Organic Mushroom 6 Stock Cubes,66g,£1.55,£2.35/100g,,Dietary & Lifestyle
664714,Jude's Caramel & Choc Tubs,G,false,2314,https://ecom-su-static-prod.wtrecom.com/images/products/3/LN_664714_BP_3.jpg,https://www.waitrose.com/ecom/products/judes-caramel-choc-tubs/664714-782803-782803,Jude's Caramel & Choc Tubs,4x85ml,£5.25,£1.55/100ml,,Dietary & Lifestyle
446247,Lily's Kitchen Chew Sticks with Chicken Dog Treats,G,true,2315,https://ecom-su-static-prod.wtrecom.com/images/products/3/LN_446247_BP_3.jpg,https://www.waitrose.com/ecom/products/lilys-kitchen-chew-sticks-with-chicken-dog-treats/446247-767530-767531,Lily's Kitchen Chew Sticks with Chicken Dog Treats,120g,£2.45,£20.42/kg,save 70p. Was £3.15,Dietary & Lifestyle
434199,MOMA Coconut & Chia Jumbo Oat Porridge Pot Gluten Free,G,true,2316,https://ecom-su-static-prod.wtrecom.com/images/products/3/LN_434199_BP_3.jpg,https://www.waitrose.com/ecom/products/moma-coconut-chia-jumbo-oat-porridge-pot-gluten-free/434199-499228-499229,MOMA Coconut & Chia Jumbo Oat Porridge Pot Gluten Free,55g,£1.35,£2.46/100g,Add 4 for £4,Dietary & Lifestyle
423020,Waitrose Chopped Brazil Nuts,G,true,2317,https://ecom-su-static-prod.wtrecom.com/images/products/3/LN_423020_BP_3.jpg,https://www.waitrose.com/ecom/products/waitrose-chopped-brazil-nuts/423020-260682-260683,Waitrose Chopped Brazil Nuts,100g,£1.60,£1.60/100g,20% Off. Was £2.00,Dietary & Lifestyle
612304,Kallo Veggie Cakes Spinach & Pesto,G,true,2318,https://ecom-su-static-prod.wtrecom.com/images/products/3/LN_612304_BP_3.jpg,https://www.waitrose.com/ecom/products/kallo-veggie-cakes-spinach-pesto/612304-728318-728319,Kallo Veggie Cakes Spinach & Pesto,122g,£2.25,£1.85/100g,save 65p. Was £2.90,Dietary & Lifestyle
479376,Young's Formed Scampi,G,false,2319,https://ecom-su-static-prod.wtrecom.com/images/products/3/LN_479376_BP_3.jpg,https://www.waitrose.com/ecom/products/youngs-formed-scampi/479376-154493-154494,Young's Formed Scampi,220g,£4.25,£19.32/kg,,Dietary & Lifestyle
859483,Ben & Jerry's Sundae Marshmallow & S'more! Ice Cream Tub,G,false,2320,https://ecom-su-static-prod.wtrecom.com/images/products/3/LN_859483_BP_3.jpg,https://www.waitrose.com/ecom/products/ben-jerrys-sundae-marshmallow-smore-ice-cream-tub/859483-824418-824419,Ben & Jerry's Sundae Marshmallow & S'more! Ice Cream Tub,427ml,£5.80,£1.36/100ml,,Dietary & Lifestyle
753876,No.1 King Medjool Dates,G,false,2321,https://ecom-su-static-prod.wtrecom.com/images/products/3/LN_753876_BP_3.jpg,https://www.waitrose.com/ecom/products/no1-king-medjool-dates/753876-815005-815006,No.1 King Medjool Dates,160g,£3.75,£2.35/100g,,Dietary & Lifestyle
763774,Waitrose PlantLiving No Chicken Samosa,G,false,2322,https://ecom-su-static-prod.wtrecom.com/images/products/3/LN_763774_BP_3.jpg,https://www.waitrose.com/ecom/products/waitrose-plantliving-no-chicken-samosa/763774-712733-712734,Waitrose PlantLiving No Chicken Samosa,200g,£2.90,£14.50/kg,,Dietary & Lifestyle
405389,GoodLife 2 Frozen Vegetarian Mushroom & Spinach Kyivs,G,true,2323,https://ecom-su-static-prod.wtrecom.com/images/products/3/LN_405389_BP_3.jpg,https://www.waitrose.com/ecom/products/goodlife-2-frozen-vegetarian-mushroom-spinach-kyivs/405389-459522-459523,GoodLife 2 Frozen Vegetarian Mushroom & Spinach Kyivs,250g,£2.85,£11.40/kg,save 50p. Was £3.35,Dietary & Lifestyle
499988,Tracklements British Piccalilli,G,true,2324,https://ecom-su-static-prod.wtrecom.com/images/products/3/LN_499988_BP_3.jpg,https://www.waitrose.com/ecom/products/tracklements-british-piccalilli/499988-70639-70640,Tracklements British Piccalilli,230g,£3.10,£1.35/100g,20% Off. Was £3.90,Dietary & Lifestyle
837462,Pieminister Feta & Spinach Filo Pie,G,false,2325,https://ecom-su-static-prod.wtrecom.com/images/products/3/LN_837462_BP_3.jpg,https://www.waitrose.com/ecom/products/pieminister-feta-spinach-filo-pie/837462-805691-805692,Pieminister Feta & Spinach Filo Pie,230g,£4.70,£2.05/100g,,Dietary & Lifestyle
507529,Encore in Jelly Fish Selection,G,false,2326,https://ecom-su-static-prod.wtrecom.com/images/products/3/LN_507529_BP_3.jpg,https://www.waitrose.com/ecom/products/encore-in-jelly-fish-selection/507529-586496-586496,Encore in Jelly Fish Selection,5x50g,£4.95,£19.80/kg,,Dietary & Lifestyle
475893,Crosta & Mollica 2 Frozen Vegana Sourdough Pizzas,G,true,2327,https://ecom-su-static-prod.wtrecom.com/images/products/3/LN_475893_BP_3.jpg,https://www.waitrose.com/ecom/products/crosta-mollica-2-frozen-vegana-sourdough-pizzas/475893-782761-782762,Crosta & Mollica 2 Frozen Vegana Sourdough Pizzas,502g,£4.20,£8.37/kg,20% Off. Was £5.25,Dietary & Lifestyle
881317,Knorr Gluten Free Vegetable Stock Cubes,G,false,2328,https://ecom-su-static-prod.wtrecom.com/images/products/3/LN_881317_BP_3.jpg,https://www.waitrose.com/ecom/products/knorr-gluten-free-vegetable-stock-cubes/881317-628522-628523,Knorr Gluten Free Vegetable Stock Cubes,200g,£3.50,£1.75/100g,,Dietary & Lifestyle
762485,GOOD TO GO Melon Chunks,G,true,2329,https://ecom-su-static-prod.wtrecom.com/images/products/3/LN_762485_BP_3.jpg,https://www.waitrose.com/ecom/products/good-to-go-melon-chunks/762485-344969-344970,GOOD TO GO Melon Chunks,120g,£1.35,£11.25/kg,"£5 Food to Go Meal Deal: Add 1 Main, 1 Snack and 1 Drink",Dietary & Lifestyle
853672,Kiddylicious Raspberry Tiddlers,G,true,2330,https://ecom-su-static-prod.wtrecom.com/images/products/3/LN_853672_BP_3.jpg,https://www.waitrose.com/ecom/products/kiddylicious-raspberry-tiddlers/853672-744085-744086,Kiddylicious Raspberry Tiddlers,4x12g,£2.20,£4.59/100g,save 45p. Was £2.65,Dietary & Lifestyle
500644,Gü Salted Caramel Cheesecakes,G,true,2331,https://ecom-su-static-prod.wtrecom.com/images/products/3/LN_500644_BP_3.jpg,https://www.waitrose.com/ecom/products/gu-salted-caramel-cheesecakes/500644-673529-673530,Gü Salted Caramel Cheesecakes,2x92g,£2.95,£1.61/100g,25% Off. Was £3.95,Dietary & Lifestyle
090340,Sharwood's Plain Naans,G,false,2332,https://ecom-su-static-prod.wtrecom.com/images/products/3/LN_090340_BP_3.jpg,https://www.waitrose.com/ecom/products/sharwoods-plain-naans/090340-46536-46537,Sharwood's Plain Naans,2s,£2.00,£1 each,,Dietary & Lifestyle
487223,Waitrose Gluten Free Lemon Drizzle Cake,G,false,2333,https://ecom-su-static-prod.wtrecom.com/images/products/3/LN_487223_BP_3.jpg,https://www.waitrose.com/ecom/products/waitrose-gluten-free-lemon-drizzle-cake/487223-812423-812424,Waitrose Gluten Free Lemon Drizzle Cake,each,£3.95,,,Dietary & Lifestyle
052813,Organix Farm Animal Toddler Biscuits,G,false,2334,https://ecom-su-static-prod.wtrecom.com/images/products/3/LN_052813_BP_3.jpg,https://www.waitrose.com/ecom/products/organix-farm-animal-toddler-biscuits/052813-26337-26338,Organix Farm Animal Toddler Biscuits,100g,£2.10,£2.10/100g,,Dietary & Lifestyle
835166,Walker's Candied Ginger Shortbread Biscuit,G,false,2335,https://ecom-su-static-prod.wtrecom.com/images/products/3/LN_835166_BP_3.jpg,https://www.waitrose.com/ecom/products/walkers-candied-ginger-shortbread-biscuit/835166-804262-804263,Walker's Candied Ginger Shortbread Biscuit,180g,£2.30,£1.28/100g,,Dietary & Lifestyle
586588,Rebel Kitchen Organic Coconut Water,G,true,2336,https://ecom-su-static-prod.wtrecom.com/images/products/3/LN_586588_BP_3.jpg,https://www.waitrose.com/ecom/products/rebel-kitchen-organic-coconut-water/586588-336939-336940,Rebel Kitchen Organic Coconut Water,250ml,£2.40,96p/100ml,"£5 Food to Go Meal Deal: Add 1 Main, 1 Snack and 1 Drink",Dietary & Lifestyle
426721,Waitrose Rich & Dark Espresso Ground Coffee,G,false,2337,https://ecom-su-static-prod.wtrecom.com/images/products/3/LN_426721_BP_3.jpg,https://www.waitrose.com/ecom/products/waitrose-rich-dark-espresso-ground-coffee/426721-464354-464355,Waitrose Rich & Dark Espresso Ground Coffee,250g,£3.95,£1.58/100g,,Dietary & Lifestyle
897328,Pip & Nut Sweet & Salty Peanut Butter,G,false,2338,https://ecom-su-static-prod.wtrecom.com/images/products/3/LN_897328_BP_3.jpg,https://www.waitrose.com/ecom/products/pip-nut-sweet-salty-peanut-butter/897328-785866-785867,Pip & Nut Sweet & Salty Peanut Butter,300g,£3.25,£1.09/100g,,Dietary & Lifestyle
077624,Cafédirect Intense Roast Ground Coffee,G,false,2339,https://ecom-su-static-prod.wtrecom.com/images/products/3/LN_077624_BP_3.jpg,https://www.waitrose.com/ecom/products/cafedirect-intense-roast-ground-coffee/077624-39492-39493,Cafédirect Intense Roast Ground Coffee,200g,£4.00,£2/100g,,Dietary & Lifestyle
666513,Dell'Ugo Spinach Gnocchi,G,false,2340,https://ecom-su-static-prod.wtrecom.com/images/products/3/LN_666513_BP_3.jpg,https://www.waitrose.com/ecom/products/dellugo-spinach-gnocchi/666513-661849-661850,Dell'Ugo Spinach Gnocchi,450g,£3.50,£7.78/kg,,Dietary & Lifestyle
503825,Ella's Kitchen The Purple One Squished Fruits,G,true,2341,https://ecom-su-static-prod.wtrecom.com/images/products/3/LN_503825_BP_3.jpg,https://www.waitrose.com/ecom/products/ellas-kitchen-the-purple-one-squished-fruits/503825-71156-71157,Ella's Kitchen The Purple One Squished Fruits,5x90g,£4.10,91.1p/100g,Add 2 for £6.50,Dietary & Lifestyle
869376,Jordans No Added Sugar Triple Nut Granola 425g,G,false,2342,https://ecom-su-static-prod.wtrecom.com/images/products/3/LN_869376_BP_3.jpg,https://www.waitrose.com/ecom/products/jordans-no-added-sugar-triple-nut-granola-425g/869376-806406-806407,Jordans No Added Sugar Triple Nut Granola 425g,425g,£3.60,84.7p/100g,,Dietary & Lifestyle
506786,Lazy Vegan Frozen Vegan Tikka Masala Ready Meal for 1,G,false,2343,https://ecom-su-static-prod.wtrecom.com/images/products/3/LN_506786_BP_3.jpg,https://www.waitrose.com/ecom/products/lazy-vegan-frozen-vegan-tikka-masala-ready-meal-for-1/506786-762336-762337,Lazy Vegan Frozen Vegan Tikka Masala Ready Meal for 1,400g,£3.80,£9.50/kg,,Dietary & Lifestyle
504878,Deliciously Ella Gluten Free & Vegan Hazelnut Oat Bars,G,false,2344,https://ecom-su-static-prod.wtrecom.com/images/products/3/LN_504878_BP_3.jpg,https://www.waitrose.com/ecom/products/deliciously-ella-gluten-free-vegan-hazelnut-oat-bars/504878-791061-791062,Deliciously Ella Gluten Free & Vegan Hazelnut Oat Bars,3x50g,£2.80,£1.87/100g,,Dietary & Lifestyle
017457,Waitrose White Basmati Aged Rice,G,false,2345,https://ecom-su-static-prod.wtrecom.com/images/products/3/LN_017457_BP_3.jpg,https://www.waitrose.com/ecom/products/waitrose-white-basmati-aged-rice/017457-8460-8461,Waitrose White Basmati Aged Rice,2kg,£6.50,£3.25/kg,,Dietary & Lifestyle
554323,Ella's Kitchen Baby Brekkie Blueberry,G,true,2346,https://ecom-su-static-prod.wtrecom.com/images/products/3/LN_554323_BP_3.jpg,https://www.waitrose.com/ecom/products/ellas-kitchen-baby-brekkie-blueberry/554323-116157-116158,Ella's Kitchen Baby Brekkie Blueberry,100g,£1.50,£1.50/100g,Add 3 for £3.75,Dietary & Lifestyle
677470,Deliciously Ella Gluten Free & Vegan Bircher Muesli,G,false,2347,https://ecom-su-static-prod.wtrecom.com/images/products/3/LN_677470_BP_3.jpg,https://www.waitrose.com/ecom/products/deliciously-ella-gluten-free-vegan-bircher-muesli/677470-600750-600751,Deliciously Ella Gluten Free & Vegan Bircher Muesli,400g,£4.00,£1/100g,,Dietary & Lifestyle
095430,Tilda Coconut Chilli Lemongrass Basmati Rice,G,true,2348,https://ecom-su-static-prod.wtrecom.com/images/products/3/LN_095430_BP_3.jpg,https://www.waitrose.com/ecom/products/tilda-coconut-chilli-lemongrass-basmati-rice/095430-48899-48900,Tilda Coconut Chilli Lemongrass Basmati Rice,250g,£1.00,£4/kg,save 85p. Was £1.85,Dietary & Lifestyle
697666,Strong Roots Frozen Spinach Bites,G,false,2349,https://ecom-su-static-prod.wtrecom.com/images/products/3/LN_697666_BP_3.jpg,https://www.waitrose.com/ecom/products/strong-roots-frozen-spinach-bites/697666-664763-664764,Strong Roots Frozen Spinach Bites,308g,£3.45,£11.21/kg,,Dietary & Lifestyle
080852,Schär Gluten Free Custard Creams,G,false,2350,https://ecom-su-static-prod.wtrecom.com/images/products/3/LN_080852_BP_3.jpg,https://www.waitrose.com/ecom/products/schar-gluten-free-custard-creams/080852-41139-41140,Schär Gluten Free Custard Creams,125g,£1.60,£1.28/100g,,Dietary & Lifestyle
619211,Deliciously Ella Sweet Potato Cracker Thins,G,true,2351,https://ecom-su-static-prod.wtrecom.com/images/products/3/LN_619211_BP_3.jpg,https://www.waitrose.com/ecom/products/deliciously-ella-sweet-potato-cracker-thins/619211-818664-818665,Deliciously Ella Sweet Potato Cracker Thins,100g,£2.00,£2/100g,save 50p. Was £2.50,Dietary & Lifestyle
894247,Candy Kittens Wild Strawberry,G,false,2352,https://ecom-su-static-prod.wtrecom.com/images/products/3/LN_894247_BP_3.jpg,https://www.waitrose.com/ecom/products/candy-kittens-wild-strawberry/894247-721760-721761,Candy Kittens Wild Strawberry,140g,£2.75,£1.97/100g,,Dietary & Lifestyle
712953,Eat Natural Protein Granola Almonds & Seeds,G,true,2353,https://ecom-su-static-prod.wtrecom.com/images/products/3/LN_712953_BP_3.jpg,https://www.waitrose.com/ecom/products/eat-natural-protein-granola-almonds-seeds/712953-674780-674781,Eat Natural Protein Granola Almonds & Seeds,400g,£3.35,83.8p/100g,20% Off. Was £4.25,Dietary & Lifestyle
783177,MOTH Aperitivo Spritz Cocktail,G,true,2354,https://ecom-su-static-prod.wtrecom.com/images/products/3/LN_783177_BP_3.jpg,https://www.waitrose.com/ecom/products/moth-aperitivo-spritz-cocktail/783177-791201-791202,MOTH Aperitivo Spritz Cocktail,200ml,£3.99,£19.95/litre,Mix & Match Add 4 for 3 Cheapest Item Free,Dietary & Lifestyle
051087,Ella's Kitchen Sweet Potatoes Pumpkins Apples + Blueberries,G,false,2355,https://ecom-su-static-prod.wtrecom.com/images/products/3/LN_051087_BP_3.jpg,https://www.waitrose.com/ecom/products/ellas-kitchen-sweet-potatoes-pumpkins-apples-blueberries/051087-25403-25404,Ella's Kitchen Sweet Potatoes Pumpkins Apples + Blueberries,120g,£1.35,£1.13/100g,,Dietary & Lifestyle
505335,Charlie Bigham's Proper Puds Bread & Butter,G,true,2356,https://ecom-su-static-prod.wtrecom.com/images/products/3/LN_505335_BP_3.jpg,https://www.waitrose.com/ecom/products/charlie-bighams-proper-puds-bread-butter/505335-719458-719459,Charlie Bigham's Proper Puds Bread & Butter,362g,£3.75,£1.04/100g,save £1.25. Was £5.00,Dietary & Lifestyle
596931,Purdey's Natural Energy Rejuvenate Sparkling Grape & Apple with Ginseng Cans,G,true,2357,https://ecom-su-static-prod.wtrecom.com/images/products/3/LN_596931_BP_3.jpg,https://www.waitrose.com/ecom/products/purdeys-natural-energy-rejuvenate-sparkling-grape-apple-with-ginseng-cans/596931-783922-783923,Purdey's Natural Energy Rejuvenate Sparkling Grape & Apple with Ginseng Cans,4x250ml,£2.50,25p/100ml,save £1.70. Was £4.20,Dietary & Lifestyle
608828,Teapigs Lemon & Ginger Tea 15 Tea Temples,G,false,2358,https://ecom-su-static-prod.wtrecom.com/images/products/3/LN_608828_BP_3.jpg,https://www.waitrose.com/ecom/products/teapigs-lemon-ginger-tea-15-tea-temples/608828-86355-86356,Teapigs Lemon & Ginger Tea 15 Tea Temples,37.5g,£4.75,£12.67/100g,,Dietary & Lifestyle
512942,Prewett's Gluten Free Chocoful Biscuits,G,false,2359,https://ecom-su-static-prod.wtrecom.com/images/products/3/LN_512942_BP_3.jpg,https://www.waitrose.com/ecom/products/prewetts-gluten-free-chocoful-biscuits/512942-600600-600601,Prewett's Gluten Free Chocoful Biscuits,100g,£2.85,£2.85/100g,,Dietary & Lifestyle
825503,Belazu Cornicabra Extra Virgin Olive Oil,G,false,2360,https://ecom-su-static-prod.wtrecom.com/images/products/3/LN_825503_BP_3.jpg,https://www.waitrose.com/ecom/products/belazu-cornicabra-extra-virgin-olive-oil/825503-585695-585696,Belazu Cornicabra Extra Virgin Olive Oil,500ml,£11.50,£2.30/100ml,,Dietary & Lifestyle
796519,Organix Melty Veggie Sticks,G,false,2361,https://ecom-su-static-prod.wtrecom.com/images/products/3/LN_796519_BP_3.jpg,https://www.waitrose.com/ecom/products/organix-melty-veggie-sticks/796519-743991-743992,Organix Melty Veggie Sticks,4x15g,£2.60,£4.34/100g,,Dietary & Lifestyle
819819,Waitrose Belgian Chocolate Flaked Truffles,G,false,2362,https://ecom-su-static-prod.wtrecom.com/images/products/3/LN_819819_BP_3.jpg,https://www.waitrose.com/ecom/products/waitrose-belgian-chocolate-flaked-truffles/819819-759208-759209,Waitrose Belgian Chocolate Flaked Truffles,150g,£4.50,£3/100g,,Dietary & Lifestyle
895359,I Love Snacks Smoked Almonds,G,true,2363,https://ecom-su-static-prod.wtrecom.com/images/products/3/LN_895359_BP_3.jpg,https://www.waitrose.com/ecom/products/i-love-snacks-smoked-almonds/895359-693410-693411,I Love Snacks Smoked Almonds,25g,£1.10,£4.40/100g,"£5 Food to Go Meal Deal: Add 1 Main, 1 Snack and 1 Drink",Dietary & Lifestyle
431968,Genius Gluten Free Soft White Rolls,G,true,2364,https://ecom-su-static-prod.wtrecom.com/images/products/3/LN_431968_BP_3.jpg,https://www.waitrose.com/ecom/products/genius-gluten-free-soft-white-rolls/431968-791017-791018,Genius Gluten Free Soft White Rolls,280g,£1.90,67.9p/100g,save 30p. Was £2.20,Dietary & Lifestyle
791298,Graze Sweet Chilli Crunch,G,false,2365,https://ecom-su-static-prod.wtrecom.com/images/products/3/LN_791298_BP_3.jpg,https://www.waitrose.com/ecom/products/graze-sweet-chilli-crunch/791298-710985-710986,Graze Sweet Chilli Crunch,100g,£2.65,£2.65/100g,,Dietary & Lifestyle
513029,Kabuto Noodles Chilli Chicken Ramen,G,true,2366,https://ecom-su-static-prod.wtrecom.com/images/products/3/LN_513029_BP_3.jpg,https://www.waitrose.com/ecom/products/kabuto-noodles-chilli-chicken-ramen/513029-781145-781146,Kabuto Noodles Chilli Chicken Ramen,65g,£1.30,£2/100g,save 45p. Was £1.75,Dietary & Lifestyle
822697,RE:NOURISH Calm Soup,G,true,2367,https://ecom-su-static-prod.wtrecom.com/images/products/3/LN_822697_BP_3.jpg,https://www.waitrose.com/ecom/products/re-nourish-calm-soup/822697-706675-706676,RE:NOURISH Calm Soup,500g,£2.65,53p/100g,save 55p. Was £3.20,Dietary & Lifestyle
742230,Ombar Vegan Coco Mylk Bar,G,false,2368,https://ecom-su-static-prod.wtrecom.com/images/products/3/LN_742230_BP_3.jpg,https://www.waitrose.com/ecom/products/ombar-vegan-coco-mylk-bar/742230-600804-600805,Ombar Vegan Coco Mylk Bar,70g,£3.10,£4.43/100g,,Dietary & Lifestyle
888053,Faith in Nature Grapefruit Soap,G,true,2369,https://ecom-su-static-prod.wtrecom.com/images/products/3/LN_888053_BP_3.jpg,https://www.waitrose.com/ecom/products/faith-in-nature-grapefruit-soap/888053-720001-720002,Faith in Nature Grapefruit Soap,100g,£2.15,£2.15/100g,Save 1/3. Was £3.25,Dietary & Lifestyle
506587,Rude Health Organic Ultimate Muesli,G,false,2370,https://ecom-su-static-prod.wtrecom.com/images/products/3/LN_506587_BP_3.jpg,https://www.waitrose.com/ecom/products/rude-health-organic-ultimate-muesli/506587-741725-741726,Rude Health Organic Ultimate Muesli,400g,£4.20,£1.05/100g,,Dietary & Lifestyle
428417,Cafédirect Machu Picchu Whole Beans,G,true,2371,https://ecom-su-static-prod.wtrecom.com/images/products/3/LN_428417_BP_3.jpg,https://www.waitrose.com/ecom/products/cafedirect-machu-picchu-whole-beans/428417-60287-60288,Cafédirect Machu Picchu Whole Beans,200g,£3.50,£1.75/100g,save £1.45. Was £4.95,Dietary & Lifestyle
710688,Delphis Eco Toilet Cleaner,G,true,2372,https://ecom-su-static-prod.wtrecom.com/images/products/3/LN_710688_BP_3.jpg,https://www.waitrose.com/ecom/products/delphis-eco-toilet-cleaner/710688-753056-753057,Delphis Eco Toilet Cleaner,750ml,£2.40,32p/100ml,20% Off. Was £3.00,Dietary & Lifestyle
646580,Prewett's Gluten Free Milk Chocolate Digestives,G,false,2373,https://ecom-su-static-prod.wtrecom.com/images/products/3/LN_646580_BP_3.jpg,https://www.waitrose.com/ecom/products/prewetts-gluten-free-milk-chocolate-digestives/646580-450548-450549,Prewett's Gluten Free Milk Chocolate Digestives,155g,£2.25,£1.46/100g,,Dietary & Lifestyle
817031,PlantLiving: Mediterranean Style Mini Rolls,G,true,2374,https://ecom-su-static-prod.wtrecom.com/images/products/3/LN_817031_BP_3.jpg,https://www.waitrose.com/ecom/products/plantliving-mediterranean-style-mini-rolls/817031-825255-825256,PlantLiving: Mediterranean Style Mini Rolls,180g,£3.00,£1.67/100g,Add 2 for £5.50,Dietary & Lifestyle
737057,Teapigs Chamomile Flowers 15 Tea Temples,G,false,2375,https://ecom-su-static-prod.wtrecom.com/images/products/3/LN_737057_BP_3.jpg,https://www.waitrose.com/ecom/products/teapigs-chamomile-flowers-15-tea-temples/737057-104772-104773,Teapigs Chamomile Flowers 15 Tea Temples,22.5g,£4.75,£21.12/100g,,Dietary & Lifestyle
421223,"Innocent Kids Strawberries, Kiwis & Apples Fruit Super Smoothies",G,true,2376,https://ecom-su-static-prod.wtrecom.com/images/products/3/LN_421223_BP_3.jpg,https://www.waitrose.com/ecom/products/innocent-kids-strawberries-kiwis-apples-fruit-super-smoothies/421223-740982-740983,"Innocent Kids Strawberries, Kiwis & Apples Fruit Super Smoothies",4x150ml,£2.50,41.7p/100ml,save £1.80. Was £4.30,Dietary & Lifestyle
562067,Gü Free From Spanish Lemon Cheesecakes,G,true,2377,https://ecom-su-static-prod.wtrecom.com/images/products/3/LN_562067_BP_3.jpg,https://www.waitrose.com/ecom/products/gu-free-from-spanish-lemon-cheesecakes/562067-691572-691573,Gü Free From Spanish Lemon Cheesecakes,2x92g,£3.10,£1.69/100g,25% Off. Was £4.15,Dietary & Lifestyle
435619,Knorr Gluten Free Rich Beef Stock Pot,G,false,2378,https://ecom-su-static-prod.wtrecom.com/images/products/3/LN_435619_BP_3.jpg,https://www.waitrose.com/ecom/products/knorr-gluten-free-rich-beef-stock-pot/435619-61289-61290,Knorr Gluten Free Rich Beef Stock Pot,8x28g,£3.20,£1.43/100g,,Dietary & Lifestyle
845513,Merchant Gourmet Mediterranean Style Grains,G,true,2379,https://ecom-su-static-prod.wtrecom.com/images/products/3/LN_845513_BP_3.jpg,https://www.waitrose.com/ecom/products/merchant-gourmet-mediterranean-style-grains/845513-806842-806843,Merchant Gourmet Mediterranean Style Grains,250g,£1.50,£6/kg,save 70p. Was £2.20,Dietary & Lifestyle
783695,Clive's Nut Roast,G,false,2380,https://ecom-su-static-prod.wtrecom.com/images/products/3/LN_783695_BP_3.jpg,https://www.waitrose.com/ecom/products/clives-nut-roast/783695-665123-665124,Clive's Nut Roast,280g,£5.95,£21.25/kg,,Dietary & Lifestyle
763943,Kingfisher Shredded Crab Meat,G,false,2381,https://ecom-su-static-prod.wtrecom.com/images/products/3/LN_763943_BP_3.jpg,https://www.waitrose.com/ecom/products/kingfisher-shredded-crab-meat/763943-150173-150174,Kingfisher Shredded Crab Meat,drained 105g,£2.40,£2.29/100g,,Dietary & Lifestyle
409164,Candy Kittens Very Cherry,G,false,2382,https://ecom-su-static-prod.wtrecom.com/images/products/3/LN_409164_BP_3.jpg,https://www.waitrose.com/ecom/products/candy-kittens-very-cherry/409164-758412-758413,Candy Kittens Very Cherry,140g,£2.75,£1.97/100g,,Dietary & Lifestyle
821102,Jordans Frusli Sticky Toffee & Apple Cereal Bars 6 x 30g (180g),G,true,2383,https://ecom-su-static-prod.wtrecom.com/images/products/3/LN_821102_BP_3.jpg,https://www.waitrose.com/ecom/products/jordans-frusli-sticky-toffee-apple-cereal-bars-6-x-30g-180g/821102-808104-808105,Jordans Frusli Sticky Toffee & Apple Cereal Bars 6 x 30g (180g),6x30g,£1.50,83.3p/100g,save 90p. Was £2.40,Dietary & Lifestyle
547529,"Ella's Kitchen Squash, Sweet Potatoes + Parsnips",G,false,2384,https://ecom-su-static-prod.wtrecom.com/images/products/3/LN_547529_BP_3.jpg,https://www.waitrose.com/ecom/products/ellas-kitchen-squash-sweet-potatoes-parsnips/547529-655513-655514,"Ella's Kitchen Squash, Sweet Potatoes + Parsnips",120g,£1.35,£1.13/100g,,Dietary & Lifestyle
007805,Knorr Gluten Free Vegetable Stock Cubes,G,false,2385,https://ecom-su-static-prod.wtrecom.com/images/products/3/LN_007805_BP_3.jpg,https://www.waitrose.com/ecom/products/knorr-gluten-free-vegetable-stock-cubes/007805-3687-3688,Knorr Gluten Free Vegetable Stock Cubes,80g,£2.05,£2.57/100g,,Dietary & Lifestyle
542748,Crosta & Mollica 2 Frozen Ortolana Sourdough Pizzas,G,true,2386,https://ecom-su-static-prod.wtrecom.com/images/products/3/LN_542748_BP_3.jpg,https://www.waitrose.com/ecom/products/crosta-mollica-2-frozen-ortolana-sourdough-pizzas/542748-762366-762367,Crosta & Mollica 2 Frozen Ortolana Sourdough Pizzas,552g,£4.20,£7.61/kg,20% Off. Was £5.25,Dietary & Lifestyle
856473,Heinz Tomato & Basil Pasta Sauce,G,false,2387,https://ecom-su-static-prod.wtrecom.com/images/products/3/LN_856473_BP_3.jpg,https://www.waitrose.com/ecom/products/heinz-tomato-basil-pasta-sauce/856473-802652-802653,Heinz Tomato & Basil Pasta Sauce,490g,£3.00,61.2p/100g,,Dietary & Lifestyle
490970,Quorn Vegan 2 Takeaway Crunchy Fillet Burgers,G,false,2388,https://ecom-su-static-prod.wtrecom.com/images/products/3/LN_490970_BP_3.jpg,https://www.waitrose.com/ecom/products/quorn-vegan-2-takeaway-crunchy-fillet-burgers/490970-770476-770477,Quorn Vegan 2 Takeaway Crunchy Fillet Burgers,190g,£3.15,£16.58/kg,,Dietary & Lifestyle
559138,Jamie Oliver Incredible Curried Chickpeas,G,true,2389,https://ecom-su-static-prod.wtrecom.com/images/products/3/LN_559138_BP_3.jpg,https://www.waitrose.com/ecom/products/jamie-oliver-incredible-curried-chickpeas/559138-426919-426920,Jamie Oliver Incredible Curried Chickpeas,250g,£1.80,£7.20/kg,25% Off. Was £2.45,Dietary & Lifestyle
088111,Duchy Organic Plums,G,false,2390,https://ecom-su-static-prod.wtrecom.com/images/products/3/LN_088111_BP_3.jpg,https://www.waitrose.com/ecom/products/duchy-organic-plums/088111-45095-45096,Duchy Organic Plums,350g,£2.59,£7.40/kg,,Dietary & Lifestyle
467058,No.1 Dark Chocolate 80%,G,false,2391,https://ecom-su-static-prod.wtrecom.com/images/products/3/LN_467058_BP_3.jpg,https://www.waitrose.com/ecom/products/no1-dark-chocolate-80/467058-706917-706918,No.1 Dark Chocolate 80%,30g,60p,£2/100g,,Dietary & Lifestyle
909432,Deliciously Ella Strawberry & Almond Low Sugar Granola,G,false,2392,https://ecom-su-static-prod.wtrecom.com/images/products/3/LN_909432_BP_3.jpg,https://www.waitrose.com/ecom/products/deliciously-ella-strawberry-almond-low-sugar-granola/909432-826786-826787,Deliciously Ella Strawberry & Almond Low Sugar Granola,380g,£4.00,£1.06/100g,,Dietary & Lifestyle
814790,Waitrose Dark Brown Soft Sugar,G,false,2393,https://ecom-su-static-prod.wtrecom.com/images/products/3/LN_814790_BP_3.jpg,https://www.waitrose.com/ecom/products/waitrose-dark-brown-soft-sugar/814790-260928-260929,Waitrose Dark Brown Soft Sugar,1kg,£3.50,£3.50/kg,,Dietary & Lifestyle
848931,English Cheesecake Vanilla with Biscoff,G,true,2394,https://ecom-su-static-prod.wtrecom.com/images/products/3/LN_848931_BP_3.jpg,https://www.waitrose.com/ecom/products/english-cheesecake-vanilla-with-biscoff/848931-645328-645329,English Cheesecake Vanilla with Biscoff,214g,£2.95,£1.38/100g,25% Off. Was £3.95,Dietary & Lifestyle
882533,Quorn Cheese & Broccoli Escalopes,G,true,2395,https://ecom-su-static-prod.wtrecom.com/images/products/3/LN_882533_BP_3.jpg,https://www.waitrose.com/ecom/products/quorn-cheese-broccoli-escalopes/882533-817024-817025,Quorn Cheese & Broccoli Escalopes,240g,£2.20,£9.17/kg,20% Off. Was £2.75,Dietary & Lifestyle
563299,Cafédirect Fairtrade Mayan Gold Ground Coffee,G,true,2396,https://ecom-su-static-prod.wtrecom.com/images/products/3/LN_563299_BP_3.jpg,https://www.waitrose.com/ecom/products/cafedirect-fairtrade-mayan-gold-ground-coffee/563299-725316-725317,Cafédirect Fairtrade Mayan Gold Ground Coffee,200g,£3.50,£1.75/100g,save £1.45. Was £4.95,Dietary & Lifestyle
450575,White's Organic Jumbo Oats,G,false,2397,https://ecom-su-static-prod.wtrecom.com/images/products/3/LN_450575_BP_3.jpg,https://www.waitrose.com/ecom/products/whites-organic-jumbo-oats/450575-759638-759639,White's Organic Jumbo Oats,1kg,£2.95,29.5p/100g,,Dietary & Lifestyle
842716,Essential 4 Frozen Breaded Pollock Fillets,G,false,2398,https://ecom-su-static-prod.wtrecom.com/images/products/3/LN_842716_BP_3.jpg,https://www.waitrose.com/ecom/products/essential-4-frozen-breaded-pollock-fillets/842716-295836-295837,Essential 4 Frozen Breaded Pollock Fillets,500g,£4.30,£8.60/kg,,Dietary & Lifestyle
605550,Jude's Vegan Plant Madagascan Vanilla,G,true,2399,https://ecom-su-static-prod.wtrecom.com/images/products/3/LN_605550_BP_3.jpg,https://www.waitrose.com/ecom/products/judes-vegan-plant-madagascan-vanilla/605550-806677-806678,Jude's Vegan Plant Madagascan Vanilla,460ml,£3.00,65.2p/100ml,save £1.80. Was £4.80,Dietary & Lifestyle
827583,Crosta & Mollica Caffè Latte Tartufi Gelato,G,false,2400,https://ecom-su-static-prod.wtrecom.com/images/products/3/LN_827583_BP_3.jpg,https://www.waitrose.com/ecom/products/crosta-mollica-caffe-latte-tartufi-gelato/827583-767703-767704,Crosta & Mollica Caffè Latte Tartufi Gelato,208g,£5.00,£2.41/100g,,Dietary & Lifestyle
096677,Duchy Organic Strong Wholemeal Bread Flour,G,false,2401,https://ecom-su-static-prod.wtrecom.com/images/products/3/LN_096677_BP_3.jpg,https://www.waitrose.com/ecom/products/duchy-organic-strong-wholemeal-bread-flour/096677-49440-49441,Duchy Organic Strong Wholemeal Bread Flour,1.5kg,£2.40,£1.60/kg,,Dietary & Lifestyle
466105,BEAR Yo Yos Strawberry,G,false,2402,https://ecom-su-static-prod.wtrecom.com/images/products/3/LN_466105_BP_3.jpg,https://www.waitrose.com/ecom/products/bear-yo-yos-strawberry/466105-336058-336059,BEAR Yo Yos Strawberry,9s,£4.90,54.4p each,,Dietary & Lifestyle
865748,Heinz Vegan Salad Cream,G,false,2403,https://ecom-su-static-prod.wtrecom.com/images/products/3/LN_865748_BP_3.jpg,https://www.waitrose.com/ecom/products/heinz-vegan-salad-cream/865748-752795-752796,Heinz Vegan Salad Cream,400ml,£3.20,80p/100ml,,Dietary & Lifestyle
832111,Tilda Boil in Bag Brown Basmati Rice,G,false,2404,https://ecom-su-static-prod.wtrecom.com/images/products/3/LN_832111_BP_3.jpg,https://www.waitrose.com/ecom/products/tilda-boil-in-bag-brown-basmati-rice/832111-343576-343577,Tilda Boil in Bag Brown Basmati Rice,4x62.5g,£2.25,£9/kg,,Dietary & Lifestyle
731632,Applewood Vegan Dairy Free Cheese Block,G,false,2405,https://ecom-su-static-prod.wtrecom.com/images/products/3/LN_731632_BP_3.jpg,https://www.waitrose.com/ecom/products/applewood-vegan-dairy-free-cheese-block/731632-723578-723579,Applewood Vegan Dairy Free Cheese Block,200g,£2.40,£12/kg,,Dietary & Lifestyle
867314,Waitrose Free From Gluten Carrot Cake Slices,G,false,2406,https://ecom-su-static-prod.wtrecom.com/images/products/3/LN_867314_BP_3.jpg,https://www.waitrose.com/ecom/products/waitrose-free-from-gluten-carrot-cake-slices/867314-769587-769588,Waitrose Free From Gluten Carrot Cake Slices,118g,£2.20,£1.87/100g,,Dietary & Lifestyle
714891,Plants By Deliciously Ella Frozen Spiced Sweet Potato & Coconut Laksa for 1,G,false,2407,https://ecom-su-static-prod.wtrecom.com/images/products/3/LN_714891_BP_3.jpg,https://www.waitrose.com/ecom/products/plants-by-deliciously-ella-frozen-spiced-sweet-potato-coconut-laksa-for-1/714891-807615-807616,Plants By Deliciously Ella Frozen Spiced Sweet Potato & Coconut Laksa for 1,300g,£3.75,£1.25/100g,,Dietary & Lifestyle
588872,Little Moons Yuzu & Lemon,G,false,2408,https://ecom-su-static-prod.wtrecom.com/images/products/3/LN_588872_BP_3.jpg,https://www.waitrose.com/ecom/products/little-moons-yuzu-lemon/588872-801904-801905,Little Moons Yuzu & Lemon,192g,£5.00,£2.61/100g,,Dietary & Lifestyle
503921,Brewdog Alcohol Free Mixed Pack,G,true,2409,https://ecom-su-static-prod.wtrecom.com/images/products/3/LN_503921_BP_3.jpg,https://www.waitrose.com/ecom/products/brewdog-alcohol-free-mixed-pack/503921-793399-793399,Brewdog Alcohol Free Mixed Pack,8x330ml,£9.50,£3.60/litre,save £1.50. Was £11.00,Dietary & Lifestyle
712225,Ella's Kitchen The Green One Squished Fruits,G,true,2410,https://ecom-su-static-prod.wtrecom.com/images/products/3/LN_712225_BP_3.jpg,https://www.waitrose.com/ecom/products/ellas-kitchen-the-green-one-squished-fruits/712225-101213-101214,Ella's Kitchen The Green One Squished Fruits,5x90g,£4.10,91.1p/100g,Add 2 for £6.50,Dietary & Lifestyle
585046,Ben & Jerry's Oh My! Banoffee Pie! Banana Chocolate Sundae Ice Cream Tub,G,false,2411,https://ecom-su-static-prod.wtrecom.com/images/products/3/LN_585046_BP_3.jpg,https://www.waitrose.com/ecom/products/ben-jerrys-oh-my-banoffee-pie-banana-chocolate-sundae-ice-cream-tub/585046-801900-801901,Ben & Jerry's Oh My! Banoffee Pie! Banana Chocolate Sundae Ice Cream Tub,427ml,£5.80,£1.36/100ml,,Dietary & Lifestyle
883636,Linda McCartney's Vegan Shredded Hoisin Duck,G,false,2412,https://ecom-su-static-prod.wtrecom.com/images/products/3/LN_883636_BP_3.jpg,https://www.waitrose.com/ecom/products/linda-mccartneys-vegan-shredded-hoisin-duck/883636-539110-539111,Linda McCartney's Vegan Shredded Hoisin Duck,300g,£2.90,£9.67/kg,,Dietary & Lifestyle
735884,Plants By Deliciously Ella Pea & Mint Soup,G,false,2413,https://ecom-su-static-prod.wtrecom.com/images/products/3/LN_735884_BP_3.jpg,https://www.waitrose.com/ecom/products/plants-by-deliciously-ella-pea-mint-soup/735884-810550-810551,Plants By Deliciously Ella Pea & Mint Soup,600g,£3.30,55p/100g,,Dietary & Lifestyle
728482,Cockburn's Special Reserve Port,W,false,2414,https://ecom-su-static-prod.wtrecom.com/images/products/3/LN_728482_BP_3.jpg,https://www.waitrose.com/ecom/products/cockburns-special-reserve-port/728482-141330-141331,Cockburn's Special Reserve Port,75cl,£14.99,£14.99/75cl,,Dietary & Lifestyle
014760,Evian Still Mineral Water,G,true,2415,https://ecom-su-static-prod.wtrecom.com/images/products/3/LN_014760_BP_3.jpg,https://www.waitrose.com/ecom/products/evian-still-mineral-water/014760-7086-7087,Evian Still Mineral Water,500ml,£1.10,22p/100ml,"£5 Food to Go Meal Deal: Add 1 Main, 1 Snack and 1 Drink",Dietary & Lifestyle
022099,Cooks' Ingredients Sundried Tomatoes,G,false,2416,https://ecom-su-static-prod.wtrecom.com/images/products/3/LN_022099_BP_3.jpg,https://www.waitrose.com/ecom/products/cooks-ingredients-sundried-tomatoes/022099-10762-10763,Cooks' Ingredients Sundried Tomatoes,80g,£2.40,£3/100g,,Dietary & Lifestyle
837997,Pollen + Grace Garden Vegetable Pie,G,false,2417,https://ecom-su-static-prod.wtrecom.com/images/products/3/LN_837997_BP_3.jpg,https://www.waitrose.com/ecom/products/pollen-grace-garden-vegetable-pie/837997-823174-823175,Pollen + Grace Garden Vegetable Pie,400g,£4.75,£1.19/100g,,Dietary & Lifestyle
805257,Higgidy 8 Sunblush Tomato & Cheddar Muffins,G,true,2418,https://ecom-su-static-prod.wtrecom.com/images/products/3/LN_805257_BP_3.jpg,https://www.waitrose.com/ecom/products/higgidy-8-sunblush-tomato-cheddar-muffins/805257-757475-757476,Higgidy 8 Sunblush Tomato & Cheddar Muffins,160g,£3.00,£1.88/100g,save £1.00. Was £4.00,Dietary & Lifestyle
068319,Waitrose Chopped Dried Pitted Apricots,G,false,2419,https://ecom-su-static-prod.wtrecom.com/images/products/3/LN_068319_BP_3.jpg,https://www.waitrose.com/ecom/products/waitrose-chopped-dried-pitted-apricots/068319-34679-34680,Waitrose Chopped Dried Pitted Apricots,250g,£3.00,£12/kg,,Dietary & Lifestyle
876366,NOMO Vegan Fruit & Crunch Chocolate Bar,G,false,2420,https://ecom-su-static-prod.wtrecom.com/images/products/3/LN_876366_BP_3.jpg,https://www.waitrose.com/ecom/products/nomo-vegan-fruit-crunch-chocolate-bar/876366-702116-702117,NOMO Vegan Fruit & Crunch Chocolate Bar,32g,£1.20,£3.75/100g,,Dietary & Lifestyle
744262,Tony's Chocolonely Milk Crispy Wafer,G,false,2421,https://ecom-su-static-prod.wtrecom.com/images/products/3/LN_744262_BP_3.jpg,https://www.waitrose.com/ecom/products/tonys-chocolonely-milk-crispy-wafer/744262-777177-777178,Tony's Chocolonely Milk Crispy Wafer,180g,£3.50,£1.95/100g,,Dietary & Lifestyle
505429,Ella's Kitchen Cheesy Pie,G,true,2422,https://ecom-su-static-prod.wtrecom.com/images/products/3/LN_505429_BP_3.jpg,https://www.waitrose.com/ecom/products/ellas-kitchen-cheesy-pie/505429-136327-136328,Ella's Kitchen Cheesy Pie,130g,£1.80,£1.39/100g,Add 5 for £7,Dietary & Lifestyle
047993,Waitrose Duchy Organic Hazelnuts,G,false,2423,https://ecom-su-static-prod.wtrecom.com/images/products/3/LN_047993_BP_3.jpg,https://www.waitrose.com/ecom/products/waitrose-duchy-organic-hazelnuts/047993-23775-23776,Waitrose Duchy Organic Hazelnuts,150g,£3.75,£2.50/100g,,Dietary & Lifestyle
367802,Ella's Kitchen Mango Baby Brekkie,G,true,2424,https://ecom-su-static-prod.wtrecom.com/images/products/3/LN_367802_BP_3.jpg,https://www.waitrose.com/ecom/products/ellas-kitchen-mango-baby-brekkie/367802-51712-51713,Ella's Kitchen Mango Baby Brekkie,100g,£1.50,£1.50/100g,Add 3 for £3.75,Dietary & Lifestyle
786541,BEAR Paws Strawberry & Apple,G,false,2425,https://ecom-su-static-prod.wtrecom.com/images/products/3/LN_786541_BP_3.jpg,https://www.waitrose.com/ecom/products/bear-paws-strawberry-apple/786541-339173-339174,BEAR Paws Strawberry & Apple,5s,£2.80,56p each,,Dietary & Lifestyle
445192,Waitrose Indian Makhani Dal,G,false,2426,https://ecom-su-static-prod.wtrecom.com/images/products/3/LN_445192_BP_3.jpg,https://www.waitrose.com/ecom/products/waitrose-indian-makhani-dal/445192-525384-525385,Waitrose Indian Makhani Dal,300g,£2.85,£9.50/kg,,Dietary & Lifestyle
045711,Divine Fairtrade 70% Dark Chocolate,G,false,2427,https://ecom-su-static-prod.wtrecom.com/images/products/3/LN_045711_BP_3.jpg,https://www.waitrose.com/ecom/products/divine-fairtrade-70-dark-chocolate/045711-22522-22523,Divine Fairtrade 70% Dark Chocolate,90g,£2.80,£3.12/100g,,Dietary & Lifestyle
811849,Deliciously Ella Gluten Free & Vegan Roasted Almond Bars,G,false,2428,https://ecom-su-static-prod.wtrecom.com/images/products/3/LN_811849_BP_3.jpg,https://www.waitrose.com/ecom/products/deliciously-ella-gluten-free-vegan-roasted-almond-bars/811849-791223-791224,Deliciously Ella Gluten Free & Vegan Roasted Almond Bars,3x40g,£3.00,£2.50/100g,,Dietary & Lifestyle
445064,Oykos Luxury Salted Caramel Greek Yogurt Dessert,G,false,2429,https://ecom-su-static-prod.wtrecom.com/images/products/3/LN_445064_BP_3.jpg,https://www.waitrose.com/ecom/products/oykos-luxury-salted-caramel-greek-yogurt-dessert/445064-755803-755804,Oykos Luxury Salted Caramel Greek Yogurt Dessert,4x110g,£2.20,50p/100g,,Dietary & Lifestyle
039595,Tregroes Toffee Waffles,G,false,2430,https://ecom-su-static-prod.wtrecom.com/images/products/3/LN_039595_BP_3.jpg,https://www.waitrose.com/ecom/products/tregroes-toffee-waffles/039595-19624-19625,Tregroes Toffee Waffles,8s,£2.00,25p each,,Dietary & Lifestyle
412992,Farrington's Mellow Yellow Balsamic Vinegar Dressing,G,false,2431,https://ecom-su-static-prod.wtrecom.com/images/products/3/LN_412992_BP_3.jpg,https://www.waitrose.com/ecom/products/farringtons-mellow-yellow-balsamic-vinegar-dressing/412992-135333-135334,Farrington's Mellow Yellow Balsamic Vinegar Dressing,250ml,£3.45,£1.38/100ml,,Dietary & Lifestyle
835619,Dr. Oetker Ristorante Vegan Margherita Pizza,G,false,2432,https://ecom-su-static-prod.wtrecom.com/images/products/3/LN_835619_BP_3.jpg,https://www.waitrose.com/ecom/products/dr-oetker-ristorante-vegan-margherita-pizza/835619-771301-771302,Dr. Oetker Ristorante Vegan Margherita Pizza,340g,£3.70,£10.89/kg,,Dietary & Lifestyle
758701,Equinox Kombucha Ginger Organic Fruit Juice Can,G,true,2433,https://ecom-su-static-prod.wtrecom.com/images/products/3/LN_758701_BP_3.jpg,https://www.waitrose.com/ecom/products/equinox-kombucha-ginger-organic-fruit-juice-can/758701-719772-719773,Equinox Kombucha Ginger Organic Fruit Juice Can,250ml,£1.90,76p/100ml,"£5 Food to Go Meal Deal: Add 1 Main, 1 Snack and 1 Drink",Dietary & Lifestyle
894453,Nairn's Gluten Free Sourdough Flatbreads,G,false,2434,https://ecom-su-static-prod.wtrecom.com/images/products/3/LN_894453_BP_3.jpg,https://www.waitrose.com/ecom/products/nairns-gluten-free-sourdough-flatbreads/894453-798812-798813,Nairn's Gluten Free Sourdough Flatbreads,125g,£2.10,£1.68/100g,,Dietary & Lifestyle
685315,Clipper Fairtrade Everyday 80 Tea Bags,G,false,2435,https://ecom-su-static-prod.wtrecom.com/images/products/3/LN_685315_BP_3.jpg,https://www.waitrose.com/ecom/products/clipper-fairtrade-everyday-80-tea-bags/685315-776766-776767,Clipper Fairtrade Everyday 80 Tea Bags,232g,£3.95,£1.71/100g,,Dietary & Lifestyle
644971,Essential Grapefruit Segments in Light Syrup,G,false,2436,https://ecom-su-static-prod.wtrecom.com/images/products/3/LN_644971_BP_3.jpg,https://www.waitrose.com/ecom/products/essential-grapefruit-segments-in-light-syrup/644971-229913-229914,Essential Grapefruit Segments in Light Syrup,drained 290g,£1.20,£4.14/kg,,Dietary & Lifestyle
798945,No.1 Frozen British Monkfish Chunks,G,false,2437,https://ecom-su-static-prod.wtrecom.com/images/products/3/LN_798945_BP_3.jpg,https://www.waitrose.com/ecom/products/no1-frozen-british-monkfish-chunks/798945-679279-679280,No.1 Frozen British Monkfish Chunks,300g,£10.35,£34.50/kg,,Dietary & Lifestyle
891854,Waitrose Chopped Almonds,G,false,2438,https://ecom-su-static-prod.wtrecom.com/images/products/3/LN_891854_BP_3.jpg,https://www.waitrose.com/ecom/products/waitrose-chopped-almonds/891854-261060-261061,Waitrose Chopped Almonds,100g,£1.75,£17.50/kg,,Dietary & Lifestyle
507042,Jamie Oliver Ultimate Black Daal,G,true,2439,https://ecom-su-static-prod.wtrecom.com/images/products/3/LN_507042_BP_3.jpg,https://www.waitrose.com/ecom/products/jamie-oliver-ultimate-black-daal/507042-535210-535211,Jamie Oliver Ultimate Black Daal,250g,£1.80,£7.20/kg,25% Off. Was £2.45,Dietary & Lifestyle
456603,Whole Earth Crunchy Peanut Butter,G,false,2440,https://ecom-su-static-prod.wtrecom.com/images/products/3/LN_456603_BP_3.jpg,https://www.waitrose.com/ecom/products/whole-earth-crunchy-peanut-butter/456603-722806-722807,Whole Earth Crunchy Peanut Butter,1kg,£7.15,71.5p/100g,,Dietary & Lifestyle
696629,Waitrose Mozzarella & Basil Arancini,G,false,2441,https://ecom-su-static-prod.wtrecom.com/images/products/3/LN_696629_BP_3.jpg,https://www.waitrose.com/ecom/products/waitrose-mozzarella-basil-arancini/696629-793258-793259,Waitrose Mozzarella & Basil Arancini,300g,£4.25,£14.17/kg,,Dietary & Lifestyle
574883,Waitrose Bulgur Wheat with White & Red Quinoa,G,true,2442,https://ecom-su-static-prod.wtrecom.com/images/products/3/LN_574883_BP_3.jpg,https://www.waitrose.com/ecom/products/waitrose-bulgur-wheat-with-white-red-quinoa/574883-135517-135518,Waitrose Bulgur Wheat with White & Red Quinoa,500g,£3.00,£6/kg,20% Off. Was £3.75,Dietary & Lifestyle
516068,Humble Warrior Immunity - Pomegranate Hibiscus,G,true,2443,https://ecom-su-static-prod.wtrecom.com/images/products/3/LN_516068_BP_3.jpg,https://www.waitrose.com/ecom/products/humble-warrior-immunity-pomegranate-hibiscus/516068-806271-806272,Humble Warrior Immunity - Pomegranate Hibiscus,4x250ml,£3.66,36.6p/100ml,Save 1/3. Was £5.50,Dietary & Lifestyle
810160,Cafédirect Fairtrade Machu Picchu Whole Beans,G,false,2444,https://ecom-su-static-prod.wtrecom.com/images/products/3/LN_810160_BP_3.jpg,https://www.waitrose.com/ecom/products/cafedirect-fairtrade-machu-picchu-whole-beans/810160-725794-725795,Cafédirect Fairtrade Machu Picchu Whole Beans,750g,£13.75,£1.84/100g,,Dietary & Lifestyle
833422,Waitrose Lime Pickle,G,true,2445,https://ecom-su-static-prod.wtrecom.com/images/products/3/LN_833422_BP_3.jpg,https://www.waitrose.com/ecom/products/waitrose-lime-pickle/833422-628382-628383,Waitrose Lime Pickle,283g,£2.00,70.7p/100g,Reduced to Clear. Was £2.50,Dietary & Lifestyle
726250,BEAR Paws Raspberry & Blueberry,G,false,2446,https://ecom-su-static-prod.wtrecom.com/images/products/3/LN_726250_BP_3.jpg,https://www.waitrose.com/ecom/products/bear-paws-raspberry-blueberry/726250-743914-743915,BEAR Paws Raspberry & Blueberry,5s,£2.80,56p each,,Dietary & Lifestyle
676316,Belazu Truffle & Artichoke Pesto,G,false,2447,https://ecom-su-static-prod.wtrecom.com/images/products/3/LN_676316_BP_3.jpg,https://www.waitrose.com/ecom/products/belazu-truffle-artichoke-pesto/676316-704233-704234,Belazu Truffle & Artichoke Pesto,165g,£3.40,£2.07/100g,,Dietary & Lifestyle
842013,Waitrose Rainbow Fruit Salad,G,false,2448,https://ecom-su-static-prod.wtrecom.com/images/products/3/LN_842013_BP_3.jpg,https://www.waitrose.com/ecom/products/waitrose-rainbow-fruit-salad/842013-698180-698181,Waitrose Rainbow Fruit Salad,285g,£3.70,£1.30/100g,,Dietary & Lifestyle
862367,PlantLiving: Thai Green Style Curry for 1,G,false,2449,https://ecom-su-static-prod.wtrecom.com/images/products/3/LN_862367_BP_3.jpg,https://www.waitrose.com/ecom/products/plantliving-thai-green-style-curry-for-1/862367-762680-762681,PlantLiving: Thai Green Style Curry for 1,380g,£4.25,£11.19/kg,,Dietary & Lifestyle
816271,Hilltop Everyday Blossom Honey,G,false,2450,https://ecom-su-static-prod.wtrecom.com/images/products/3/LN_816271_BP_3.jpg,https://www.waitrose.com/ecom/products/hilltop-everyday-blossom-honey/816271-746401-746402,Hilltop Everyday Blossom Honey,720g,£4.45,61.8p/100g,,Dietary & Lifestyle
041538,Ella's Kitchen The Yellow One Squished Fruits,G,true,2451,https://ecom-su-static-prod.wtrecom.com/images/products/3/LN_041538_BP_3.jpg,https://www.waitrose.com/ecom/products/ellas-kitchen-the-yellow-one-squished-fruits/041538-20574-20575,Ella's Kitchen The Yellow One Squished Fruits,5x90g,£4.10,91.1p/100g,Add 2 for £6.50,Dietary & Lifestyle
666443,"Ella's Kitchen Strawberries, Rhubarb & Apples",G,false,2452,https://ecom-su-static-prod.wtrecom.com/images/products/3/LN_666443_BP_3.jpg,https://www.waitrose.com/ecom/products/ellas-kitchen-strawberries-rhubarb-apples/666443-690314-690315,"Ella's Kitchen Strawberries, Rhubarb & Apples",120g,£1.35,£11.25/kg,,Dietary & Lifestyle
053576,Organix Tomato & Noughts & Crosses,G,false,2453,https://ecom-su-static-prod.wtrecom.com/images/products/3/LN_053576_BP_3.jpg,https://www.waitrose.com/ecom/products/organix-tomato-noughts-crosses/053576-26831-26832,Organix Tomato & Noughts & Crosses,4x15g,£2.40,£4/100g,,Dietary & Lifestyle
430555,Duchy Organic Strong Malted Grain Bread Flour,G,false,2454,https://ecom-su-static-prod.wtrecom.com/images/products/3/LN_430555_BP_3.jpg,https://www.waitrose.com/ecom/products/duchy-organic-strong-malted-grain-bread-flour/430555-60573-60574,Duchy Organic Strong Malted Grain Bread Flour,1.5kg,£2.60,£1.74/kg,,Dietary & Lifestyle
487888,Crosta & Mollica Crostini Chilli,G,false,2455,https://ecom-su-static-prod.wtrecom.com/images/products/3/LN_487888_BP_3.jpg,https://www.waitrose.com/ecom/products/crosta-mollica-crostini-chilli/487888-68917-68918,Crosta & Mollica Crostini Chilli,150g,£2.10,£1.40/100g,,Dietary & Lifestyle
467666,PlantLiving: Curried Vegetable Mini Rolls,G,true,2456,https://ecom-su-static-prod.wtrecom.com/images/products/3/LN_467666_BP_3.jpg,https://www.waitrose.com/ecom/products/plantliving-curried-vegetable-mini-rolls/467666-825053-825054,PlantLiving: Curried Vegetable Mini Rolls,180g,£3.00,£1.67/100g,Add 2 for £5.50,Dietary & Lifestyle
404145,Jordans Fruit & Nut Muesli Breakfast Cereal,G,true,2457,https://ecom-su-static-prod.wtrecom.com/images/products/3/LN_404145_BP_3.jpg,https://www.waitrose.com/ecom/products/jordans-fruit-nut-muesli-breakfast-cereal/404145-56875-56876,Jordans Fruit & Nut Muesli Breakfast Cereal,620g,£3.00,48.4p/100g,save 80p. Was £3.80,Dietary & Lifestyle
649150,Difatti Gluten Free Spinach Gnocchi,G,false,2458,https://ecom-su-static-prod.wtrecom.com/images/products/3/LN_649150_BP_3.jpg,https://www.waitrose.com/ecom/products/difatti-gluten-free-spinach-gnocchi/649150-600724-600725,Difatti Gluten Free Spinach Gnocchi,250g,£2.10,£8.40/kg,,Dietary & Lifestyle
753738,Teapigs Licquorice & Peppermint Tea Temples,G,false,2459,https://ecom-su-static-prod.wtrecom.com/images/products/3/LN_753738_BP_3.jpg,https://www.waitrose.com/ecom/products/teapigs-licquorice-peppermint-tea-temples/753738-107197-107198,Teapigs Licquorice & Peppermint Tea Temples,45g,£4.75,£10.56/100g,,Dietary & Lifestyle
460124,Sharwood's Plain Mini Poppadoms,G,false,2460,https://ecom-su-static-prod.wtrecom.com/images/products/3/LN_460124_BP_3.jpg,https://www.waitrose.com/ecom/products/sharwoods-plain-mini-poppadoms/460124-755815-755816,Sharwood's Plain Mini Poppadoms,55g,£2.35,£4.28/100g,,Dietary & Lifestyle
891077,Nairn's Gluten Free Seeded Crackers,G,false,2461,https://ecom-su-static-prod.wtrecom.com/images/products/3/LN_891077_BP_3.jpg,https://www.waitrose.com/ecom/products/nairns-gluten-free-seeded-crackers/891077-758313-758314,Nairn's Gluten Free Seeded Crackers,137g,£2.10,£1.54/100g,,Dietary & Lifestyle
679748,Cooks' Ingredients Makrut Lime Leaves,G,false,2462,https://ecom-su-static-prod.wtrecom.com/images/products/3/LN_679748_BP_3.jpg,https://www.waitrose.com/ecom/products/cooks-ingredients-makrut-lime-leaves/679748-560801-560802,Cooks' Ingredients Makrut Lime Leaves,4s,£2.00,50p each,,Dietary & Lifestyle
830656,Strong Roots Crispy Veg Nuggets,G,true,2463,https://ecom-su-static-prod.wtrecom.com/images/products/3/LN_830656_BP_3.jpg,https://www.waitrose.com/ecom/products/strong-roots-crispy-veg-nuggets/830656-779018-779019,Strong Roots Crispy Veg Nuggets,300g,£2.55,£8.50/kg,25% Off. Was £3.45,Dietary & Lifestyle
829405,Olina's Gluten Free Seeded Crackers,G,false,2464,https://ecom-su-static-prod.wtrecom.com/images/products/3/LN_829405_BP_3.jpg,https://www.waitrose.com/ecom/products/olinas-gluten-free-seeded-crackers/829405-791235-791236,Olina's Gluten Free Seeded Crackers,80g,£2.20,£2.75/100g,,Dietary & Lifestyle
404552,Crosta & Mollica 2 Tiramisu,G,true,2465,https://ecom-su-static-prod.wtrecom.com/images/products/3/LN_404552_BP_3.jpg,https://www.waitrose.com/ecom/products/crosta-mollica-2-tiramisu/404552-779353-779354,Crosta & Mollica 2 Tiramisu,2x110g,£4.00,£1.82/100g,20% Off. Was £5.00,Dietary & Lifestyle
750374,Pieminister Gluten Free Moo Pie,G,true,2466,https://ecom-su-static-prod.wtrecom.com/images/products/3/LN_750374_BP_3.jpg,https://www.waitrose.com/ecom/products/pieminister-gluten-free-moo-pie/750374-525920-525921,Pieminister Gluten Free Moo Pie,275g,£4.20,£1.53/100g,save £1.25. Was £5.45,Dietary & Lifestyle
868472,Waitrose Frozen 2 MSC Cod Fillets,G,false,2467,https://ecom-su-static-prod.wtrecom.com/images/products/3/LN_868472_BP_3.jpg,https://www.waitrose.com/ecom/products/waitrose-frozen-2-msc-cod-fillets/868472-679295-679296,Waitrose Frozen 2 MSC Cod Fillets,280g,£7.00,£25/kg,,Dietary & Lifestyle
574823,Linwoods Shelled Hemp,G,false,2468,https://ecom-su-static-prod.wtrecom.com/images/products/3/LN_574823_BP_3.jpg,https://www.waitrose.com/ecom/products/linwoods-shelled-hemp/574823-600664-600665,Linwoods Shelled Hemp,200g,£6.50,£3.25/100g,,Dietary & Lifestyle
525415,itsu Rice Noodles Chick-n Ramen,G,false,2469,https://ecom-su-static-prod.wtrecom.com/images/products/3/LN_525415_BP_3.jpg,https://www.waitrose.com/ecom/products/itsu-rice-noodles-chick-n-ramen/525415-793092-793093,itsu Rice Noodles Chick-n Ramen,64g,£1.95,£3.05/100g,,Dietary & Lifestyle
821617,Whole Earth Drizzler Smooth Peanut Butter,G,false,2470,https://ecom-su-static-prod.wtrecom.com/images/products/3/LN_821617_BP_3.jpg,https://www.waitrose.com/ecom/products/whole-earth-drizzler-smooth-peanut-butter/821617-778446-778447,Whole Earth Drizzler Smooth Peanut Butter,320g,£3.45,£1.08/100g,,Dietary & Lifestyle
019507,Essential Petits Pois in Water,G,false,2471,https://ecom-su-static-prod.wtrecom.com/images/products/3/LN_019507_BP_3.jpg,https://www.waitrose.com/ecom/products/essential-petits-pois-in-water/019507-9435-9436,Essential Petits Pois in Water,drained 265g,£1.10,£4.16/kg,,Dietary & Lifestyle
007682,Patak's Medium Balti Spice Paste,G,true,2472,https://ecom-su-static-prod.wtrecom.com/images/products/3/LN_007682_BP_3.jpg,https://www.waitrose.com/ecom/products/pataks-medium-balti-spice-paste/007682-3594-3595,Patak's Medium Balti Spice Paste,283g,£2.80,98.9p/100g,20% Off. Was £3.50,Dietary & Lifestyle
589488,PlantLiving: Falafel & Coriander Houmous Wrap,G,true,2473,https://ecom-su-static-prod.wtrecom.com/images/products/3/LN_589488_BP_3.jpg,https://www.waitrose.com/ecom/products/plantliving-falafel-coriander-houmous-wrap/589488-791725-791726,PlantLiving: Falafel & Coriander Houmous Wrap,each,£3.65,£3.65 each,"£5 Food to Go Meal Deal: Add 1 Main, 1 Snack and 1 Drink",Dietary & Lifestyle
740041,Jordans No Added Sugar Apple & Cinnamon Granola 425g,G,false,2474,https://ecom-su-static-prod.wtrecom.com/images/products/3/LN_740041_BP_3.jpg,https://www.waitrose.com/ecom/products/jordans-no-added-sugar-apple-cinnamon-granola-425g/740041-823358-823359,Jordans No Added Sugar Apple & Cinnamon Granola 425g,425g,£3.60,84.7p/100g,,Dietary & Lifestyle
588965,Waitrose Milk Chocolate with Butterscotch,G,false,2475,https://ecom-su-static-prod.wtrecom.com/images/products/3/LN_588965_BP_3.jpg,https://www.waitrose.com/ecom/products/waitrose-milk-chocolate-with-butterscotch/588965-708843-708844,Waitrose Milk Chocolate with Butterscotch,90g,£2.00,£2.23/100g,,Dietary & Lifestyle
862982,Waitrose Indian Chicken Balti for 2,G,false,2476,https://ecom-su-static-prod.wtrecom.com/images/products/3/LN_862982_BP_3.jpg,https://www.waitrose.com/ecom/products/waitrose-indian-chicken-balti-for-2/862982-672065-672066,Waitrose Indian Chicken Balti for 2,350g,£4.95,£14.15/kg,,Dietary & Lifestyle
826468,Quorn Frozen Vegetarian Southern Fried Bites,G,true,2477,https://ecom-su-static-prod.wtrecom.com/images/products/3/LN_826468_BP_3.jpg,https://www.waitrose.com/ecom/products/quorn-frozen-vegetarian-southern-fried-bites/826468-794996-794997,Quorn Frozen Vegetarian Southern Fried Bites,300g,£2.10,£7/kg,20% Off. Was £2.65,Dietary & Lifestyle
789398,Ella's Kitchen Spag Bol,G,true,2478,https://ecom-su-static-prod.wtrecom.com/images/products/3/LN_789398_BP_3.jpg,https://www.waitrose.com/ecom/products/ellas-kitchen-spag-bol/789398-136479-136480,Ella's Kitchen Spag Bol,130g,£1.80,£1.39/100g,Add 5 for £7,Dietary & Lifestyle
848976,Tony's Chocolonely Milk Almond Honey Nougat,G,false,2479,https://ecom-su-static-prod.wtrecom.com/images/products/3/LN_848976_BP_3.jpg,https://www.waitrose.com/ecom/products/tonys-chocolonely-milk-almond-honey-nougat/848976-744719-744720,Tony's Chocolonely Milk Almond Honey Nougat,180g,£3.50,£1.95/100g,,Dietary & Lifestyle
590266,MOMA Almond Butter & Salted Caramel Jumbo Oat Porridge Pot Gluten Free Vegan,G,true,2480,https://ecom-su-static-prod.wtrecom.com/images/products/3/LN_590266_BP_3.jpg,https://www.waitrose.com/ecom/products/moma-almond-butter-salted-caramel-jumbo-oat-porridge-pot-gluten-free-vegan/590266-674526-674527,MOMA Almond Butter & Salted Caramel Jumbo Oat Porridge Pot Gluten Free Vegan,55g,£1.35,£2.46/100g,Add 4 for £4,Dietary & Lifestyle
637478,Twinings Superblends Sleep Valerian Tea Bags 20,G,false,2481,https://ecom-su-static-prod.wtrecom.com/images/products/3/LN_637478_BP_3.jpg,https://www.waitrose.com/ecom/products/twinings-superblends-sleep-valerian-tea-bags-20/637478-762424-762425,Twinings Superblends Sleep Valerian Tea Bags 20,30g,£3.70,£12.34/100g,,Dietary & Lifestyle
636832,MOTH Old Fashioned,G,true,2482,https://ecom-su-static-prod.wtrecom.com/images/products/3/LN_636832_BP_3.jpg,https://www.waitrose.com/ecom/products/moth-old-fashioned/636832-746573-746574,MOTH Old Fashioned,100ml,£3.99,£39.90/litre,Mix & Match Add 4 for 3 Cheapest Item Free,Dietary & Lifestyle
749505,Lily's Kitchen Classic Dinners Wet Dog Food,G,true,2483,https://ecom-su-static-prod.wtrecom.com/images/products/3/LN_749505_BP_3.jpg,https://www.waitrose.com/ecom/products/lilys-kitchen-classic-dinners-wet-dog-food/749505-586785-586785,Lily's Kitchen Classic Dinners Wet Dog Food,6x400g,£16.00,£6.67/kg,save £3.00. Was £19.00,Dietary & Lifestyle
735825,Lily's Kitchen Chicken & Duck Grain-Free Dry Dog Food,G,true,2484,https://ecom-su-static-prod.wtrecom.com/images/products/3/LN_735825_BP_3.jpg,https://www.waitrose.com/ecom/products/lilys-kitchen-chicken-duck-grain-free-dry-dog-food/735825-586758-586759,Lily's Kitchen Chicken & Duck Grain-Free Dry Dog Food,2.5kg,£16.65,£6.66/kg,save £4.35. Was £21.00,Dietary & Lifestyle
645638,Deliciously Ella Gluten Free & Vegan Almond Bites,G,true,2485,https://ecom-su-static-prod.wtrecom.com/images/products/3/LN_645638_BP_3.jpg,https://www.waitrose.com/ecom/products/deliciously-ella-gluten-free-vegan-almond-bites/645638-798740-798741,Deliciously Ella Gluten Free & Vegan Almond Bites,36g,£1.00,£2.78/100g,save 85p. Was £1.85,Dietary & Lifestyle
873547,Duchy Organic Earl Grey 25 Tea Bags,G,false,2486,https://ecom-su-static-prod.wtrecom.com/images/products/3/LN_873547_BP_3.jpg,https://www.waitrose.com/ecom/products/duchy-organic-earl-grey-25-tea-bags/873547-302709-302710,Duchy Organic Earl Grey 25 Tea Bags,62.5g,£2.00,£3.20/100g,,Dietary & Lifestyle
877076,No.1 Peru Ground Coffee,G,false,2487,https://ecom-su-static-prod.wtrecom.com/images/products/3/LN_877076_BP_3.jpg,https://www.waitrose.com/ecom/products/no1-peru-ground-coffee/877076-719025-719026,No.1 Peru Ground Coffee,227g,£4.00,£1.77/100g,,Dietary & Lifestyle
692804,Gordon's Alcohol Free & Tonic With a Hint of Lime 250ml Premix Cans 4PK,G,false,2488,https://ecom-su-static-prod.wtrecom.com/images/products/3/LN_692804_BP_3.jpg,https://www.waitrose.com/ecom/products/gordons-alcohol-free-tonic-with-a-hint-of-lime-250ml-premix-cans-4pk/692804-756019-756020,Gordon's Alcohol Free & Tonic With a Hint of Lime 250ml Premix Cans 4PK,4x250ml,£5.50,£5.50/litre,,Dietary & Lifestyle
873709,Essential Original Instant Oats,G,false,2489,https://ecom-su-static-prod.wtrecom.com/images/products/3/LN_873709_BP_3.jpg,https://www.waitrose.com/ecom/products/essential-original-instant-oats/873709-164954-164955,Essential Original Instant Oats,10x27g,£1.35,50p/100g,,Dietary & Lifestyle
796393,NOMO Vegan Creamy Chocolate Bar,G,false,2490,https://ecom-su-static-prod.wtrecom.com/images/products/3/LN_796393_BP_3.jpg,https://www.waitrose.com/ecom/products/nomo-vegan-creamy-chocolate-bar/796393-702046-702047,NOMO Vegan Creamy Chocolate Bar,85g,£2.50,£2.95/100g,,Dietary & Lifestyle
725068,Faith in Nature Lavender & Geranium Shampoo,G,false,2491,https://ecom-su-static-prod.wtrecom.com/images/products/3/LN_725068_BP_3.jpg,https://www.waitrose.com/ecom/products/faith-in-nature-lavender-geranium-shampoo/725068-723986-723987,Faith in Nature Lavender & Geranium Shampoo,400ml,£8.00,£2/100ml,,Dietary & Lifestyle
575771,"Innocent Kids Mangoes, Peaches, Apricots & Apples Fruit Super Smoothies",G,true,2492,https://ecom-su-static-prod.wtrecom.com/images/products/3/LN_575771_BP_3.jpg,https://www.waitrose.com/ecom/products/innocent-kids-mangoes-peaches-apricots-apples-fruit-super-smoothies/575771-741160-741161,"Innocent Kids Mangoes, Peaches, Apricots & Apples Fruit Super Smoothies",4x150ml,£2.50,41.7p/100ml,save £1.80. Was £4.30,Dietary & Lifestyle
808059,PlantLiving: Spinach Ravioli,G,false,2493,https://ecom-su-static-prod.wtrecom.com/images/products/3/LN_808059_BP_3.jpg,https://www.waitrose.com/ecom/products/plantliving-spinach-ravioli/808059-794600-794601,PlantLiving: Spinach Ravioli,250g,£3.40,£13.60/kg,,Dietary & Lifestyle
717779,Crosta & Mollica Rigatoni Pasta,G,false,2494,https://ecom-su-static-prod.wtrecom.com/images/products/3/LN_717779_BP_3.jpg,https://www.waitrose.com/ecom/products/crosta-mollica-rigatoni-pasta/717779-785068-785069,Crosta & Mollica Rigatoni Pasta,500g,£3.00,£6/kg,,Dietary & Lifestyle
616212,"Innocent Kids Oranges, Mangoes & Pineapples Fruit Smoothies",G,true,2495,https://ecom-su-static-prod.wtrecom.com/images/products/3/LN_616212_BP_3.jpg,https://www.waitrose.com/ecom/products/innocent-kids-oranges-mangoes-pineapples-fruit-smoothies/616212-729718-729719,"Innocent Kids Oranges, Mangoes & Pineapples Fruit Smoothies",10x150ml,£5.50,36.7p/100ml,save £1.85. Was £7.35,Dietary & Lifestyle
664496,Ben & Jerry's Chocolate Cookie Dough Light Ice Cream Tub,G,false,2496,https://ecom-su-static-prod.wtrecom.com/images/products/3/LN_664496_BP_3.jpg,https://www.waitrose.com/ecom/products/ben-jerrys-chocolate-cookie-dough-light-ice-cream-tub/664496-801972-801973,Ben & Jerry's Chocolate Cookie Dough Light Ice Cream Tub,465ml,£5.45,£1.18/100ml,,Dietary & Lifestyle
855250,Sweet Freedom Choc Shot Liquid Chocolate,G,true,2497,https://ecom-su-static-prod.wtrecom.com/images/products/3/LN_855250_BP_3.jpg,https://www.waitrose.com/ecom/products/sweet-freedom-choc-shot-liquid-chocolate/855250-302455-302456,Sweet Freedom Choc Shot Liquid Chocolate,320g,£3.20,£1/100g,save 50p. Was £3.70,Dietary & Lifestyle
894028,Waitrose High Strength Vitamin D,G,false,2498,https://ecom-su-static-prod.wtrecom.com/images/products/3/LN_894028_BP_3.jpg,https://www.waitrose.com/ecom/products/waitrose-high-strength-vitamin-d/894028-766022-766023,Waitrose High Strength Vitamin D,90Each,£3.70,4.1p each,,Dietary & Lifestyle
061210,Organix Cheese & Herb Corn Puffs,G,false,2499,https://ecom-su-static-prod.wtrecom.com/images/products/3/LN_061210_BP_3.jpg,https://www.waitrose.com/ecom/products/organix-cheese-herb-corn-puffs/061210-30968-30969,Organix Cheese & Herb Corn Puffs,4x15g,£2.40,£4/100g,,Dietary & Lifestyle
863162,Waitrose Spelt Flour,G,false,2500,https://ecom-su-static-prod.wtrecom.com/images/products/3/LN_863162_BP_3.jpg,https://www.waitrose.com/ecom/products/waitrose-spelt-flour/863162-261014-261015,Waitrose Spelt Flour,1kg,£2.00,£2/kg,,Dietary & Lifestyle
758225,Quorn Swedish Style Balls,G,true,2501,https://ecom-su-static-prod.wtrecom.com/images/products/3/LN_758225_BP_3.jpg,https://www.waitrose.com/ecom/products/quorn-swedish-style-balls/758225-794972-794973,Quorn Swedish Style Balls,300g,£2.10,£7/kg,20% Off. Was £2.65,Dietary & Lifestyle
886949,Ella's Kitchen Vegetable + Lentil Bake,G,true,2502,https://ecom-su-static-prod.wtrecom.com/images/products/3/LN_886949_BP_3.jpg,https://www.waitrose.com/ecom/products/ellas-kitchen-vegetable-lentil-bake/886949-758830-758831,Ella's Kitchen Vegetable + Lentil Bake,130g,£1.80,£1.39/100g,Add 5 for £7,Dietary & Lifestyle
698542,La Vie Plant-Based Smoked Ham,G,false,2503,https://ecom-su-static-prod.wtrecom.com/images/products/3/LN_698542_BP_3.jpg,https://www.waitrose.com/ecom/products/la-vie-plant-based-smoked-ham/698542-825187-825188,La Vie Plant-Based Smoked Ham,100g,£3.00,£3/100g,,Dietary & Lifestyle
529089,Kabuto Noodles Miso Ramen,G,true,2504,https://ecom-su-static-prod.wtrecom.com/images/products/3/LN_529089_BP_3.jpg,https://www.waitrose.com/ecom/products/kabuto-noodles-miso-ramen/529089-781147-781148,Kabuto Noodles Miso Ramen,65g,£1.30,£2/100g,save 45p. Was £1.75,Dietary & Lifestyle
588534,Moju Gut Health Cold Pressed Raspberry Prebiotic Fruit Juice Shots Dosing Bottle,G,false,2505,https://ecom-su-static-prod.wtrecom.com/images/products/3/LN_588534_BP_3.jpg,https://www.waitrose.com/ecom/products/moju-gut-health-cold-pressed-raspberry-prebiotic-fruit-juice-shots-dosing-bottle/588534-752457-752458,Moju Gut Health Cold Pressed Raspberry Prebiotic Fruit Juice Shots Dosing Bottle,420ml,£6.25,£1.49/100ml,,Dietary & Lifestyle
712545,Waitrose Free From Gluten Lasagne Sheets,G,false,2506,https://ecom-su-static-prod.wtrecom.com/images/products/3/LN_712545_BP_3.jpg,https://www.waitrose.com/ecom/products/waitrose-free-from-gluten-lasagne-sheets/712545-174629-174630,Waitrose Free From Gluten Lasagne Sheets,250g,£1.75,£7/kg,,Dietary & Lifestyle
026379,Ben & Jerry's Cookie Dough Vanilla Ice Cream Tub,G,true,2507,https://ecom-su-static-prod.wtrecom.com/images/products/3/LN_026379_BP_3.jpg,https://www.waitrose.com/ecom/products/ben-jerrys-cookie-dough-vanilla-ice-cream-tub/026379-12833-12834,Ben & Jerry's Cookie Dough Vanilla Ice Cream Tub,465ml,£3.75,80.6p/100ml,Save £1.75. Was £5.50,Dietary & Lifestyle
745351,Jus Rol Frozen Shortcrust Pastry Sheets,G,false,2508,https://ecom-su-static-prod.wtrecom.com/images/products/3/LN_745351_BP_3.jpg,https://www.waitrose.com/ecom/products/jus-rol-frozen-shortcrust-pastry-sheets/745351-793150-793151,Jus Rol Frozen Shortcrust Pastry Sheets,640g,£2.90,£4.54/kg,,Dietary & Lifestyle
789979,Heinz Tomato & Mascarpone Pasta Sauce,G,false,2509,https://ecom-su-static-prod.wtrecom.com/images/products/3/LN_789979_BP_3.jpg,https://www.waitrose.com/ecom/products/heinz-tomato-mascarpone-pasta-sauce/789979-802624-802625,Heinz Tomato & Mascarpone Pasta Sauce,350g,£2.50,71.4p/100g,,Dietary & Lifestyle
586366,Bounce Gluten Free Choc Brownie Protein Ball,G,false,2510,https://ecom-su-static-prod.wtrecom.com/images/products/3/LN_586366_BP_3.jpg,https://www.waitrose.com/ecom/products/bounce-gluten-free-choc-brownie-protein-ball/586366-749701-749702,Bounce Gluten Free Choc Brownie Protein Ball,40g,£2.20,£5.50/100g,,Dietary & Lifestyle
756643,Château Maris Organic Les Planels,W,false,2511,https://ecom-su-static-prod.wtrecom.com/images/products/3/LN_756643_BP_3.jpg,https://www.waitrose.com/ecom/products/chateau-maris-organic-les-planels/756643-674879-674880,Château Maris Organic Les Planels,75cl,£18.99,£18.99/75cl,,Dietary & Lifestyle
016531,Cafédirect FT Smooth Roast Ground Coffee,G,false,2512,https://ecom-su-static-prod.wtrecom.com/images/products/3/LN_016531_BP_3.jpg,https://www.waitrose.com/ecom/products/cafedirect-ft-smooth-roast-ground-coffee/016531-7933-7934,Cafédirect FT Smooth Roast Ground Coffee,200g,£4.00,£2/100g,,Dietary & Lifestyle
437321,Ember Chilli Biltong,G,false,2513,https://ecom-su-static-prod.wtrecom.com/images/products/3/LN_437321_BP_3.jpg,https://www.waitrose.com/ecom/products/ember-chilli-biltong/437321-662454-662455,Ember Chilli Biltong,25g,£2.20,£88/kg,,Dietary & Lifestyle
846759,Sue's Gluten Free Kitchen Apple Crumble,G,false,2514,https://ecom-su-static-prod.wtrecom.com/images/products/3/LN_846759_BP_3.jpg,https://www.waitrose.com/ecom/products/sues-gluten-free-kitchen-apple-crumble/846759-205127-205128,Sue's Gluten Free Kitchen Apple Crumble,180g,£2.90,£1.62/100g,,Dietary & Lifestyle
057808,Patak's Hot Madras Spice Paste,G,true,2515,https://ecom-su-static-prod.wtrecom.com/images/products/3/LN_057808_BP_3.jpg,https://www.waitrose.com/ecom/products/pataks-hot-madras-spice-paste/057808-29038-29039,Patak's Hot Madras Spice Paste,283g,£2.80,98.9p/100g,20% Off. Was £3.50,Dietary & Lifestyle
774164,Teapigs Everyday Brew 40 Tea Temples,G,false,2516,https://ecom-su-static-prod.wtrecom.com/images/products/3/LN_774164_BP_3.jpg,https://www.waitrose.com/ecom/products/teapigs-everyday-brew-40-tea-temples/774164-580168-580169,Teapigs Everyday Brew 40 Tea Temples,132g,£9.15,£6.94/100g,,Dietary & Lifestyle
722198,No.1 Sumatra Mandheling Roasted Coffee Beans,G,false,2517,https://ecom-su-static-prod.wtrecom.com/images/products/3/LN_722198_BP_3.jpg,https://www.waitrose.com/ecom/products/no1-sumatra-mandheling-roasted-coffee-beans/722198-769535-769536,No.1 Sumatra Mandheling Roasted Coffee Beans,750g,£12.50,£1.67/100g,,Dietary & Lifestyle
703495,Hellmann's Plant Based Mayo,G,false,2518,https://ecom-su-static-prod.wtrecom.com/images/products/3/LN_703495_BP_3.jpg,https://www.waitrose.com/ecom/products/hellmanns-plant-based-mayo/703495-826762-826763,Hellmann's Plant Based Mayo,750ml,£4.50,60p/100ml,,Dietary & Lifestyle
724476,Jordans No Added Sugar Apple & Berry Granola 425g,G,false,2519,https://ecom-su-static-prod.wtrecom.com/images/products/3/LN_724476_BP_3.jpg,https://www.waitrose.com/ecom/products/jordans-no-added-sugar-apple-berry-granola-425g/724476-806390-806391,Jordans No Added Sugar Apple & Berry Granola 425g,425g,£3.60,84.7p/100g,,Dietary & Lifestyle
697479,BFree Gluten Free Sweet Potato Wraps,G,false,2520,https://ecom-su-static-prod.wtrecom.com/images/products/3/LN_697479_BP_3.jpg,https://www.waitrose.com/ecom/products/bfree-gluten-free-sweet-potato-wraps/697479-600764-600765,BFree Gluten Free Sweet Potato Wraps,6x42g,£3.95,£1.57/100g,,Dietary & Lifestyle
787926,Tracklements Caramalised Onion Marmalade,G,true,2521,https://ecom-su-static-prod.wtrecom.com/images/products/3/LN_787926_BP_3.jpg,https://www.waitrose.com/ecom/products/tracklements-caramalised-onion-marmalade/787926-791595-791596,Tracklements Caramalised Onion Marmalade,210g,£2.60,£1.24/100g,20% Off. Was £3.25,Dietary & Lifestyle
872561,Schar Gluten Free Foldable Flatbread,G,false,2522,https://ecom-su-static-prod.wtrecom.com/images/products/3/LN_872561_BP_3.jpg,https://www.waitrose.com/ecom/products/schar-gluten-free-foldable-flatbread/872561-812590-812591,Schar Gluten Free Foldable Flatbread,225g,£2.65,£1.18/100g,,Dietary & Lifestyle
880891,Holy Cow! Delhi Tikka Masala Curry Sauce,G,false,2523,https://ecom-su-static-prod.wtrecom.com/images/products/3/LN_880891_BP_3.jpg,https://www.waitrose.com/ecom/products/holy-cow-delhi-tikka-masala-curry-sauce/880891-703668-703669,Holy Cow! Delhi Tikka Masala Curry Sauce,250g,£2.50,£1/100g,,Dietary & Lifestyle
001086,Kellogg's Sultana Bran Breakfast Cereal,G,false,2524,https://ecom-su-static-prod.wtrecom.com/images/products/3/LN_001086_BP_3.jpg,https://www.waitrose.com/ecom/products/kelloggs-sultana-bran-breakfast-cereal/001086-59-60,Kellogg's Sultana Bran Breakfast Cereal,500g,£3.15,63p/100g,,Dietary & Lifestyle
801143,Twinings Superblends Turmeric Tea Bags 20,G,false,2525,https://ecom-su-static-prod.wtrecom.com/images/products/3/LN_801143_BP_3.jpg,https://www.waitrose.com/ecom/products/twinings-superblends-turmeric-tea-bags-20/801143-648224-648225,Twinings Superblends Turmeric Tea Bags 20,40g,£3.70,£9.25/100g,,Dietary & Lifestyle
460474,Alpro My Cuppa Soya Chilled Dairy Free Milk Alternative,G,false,2526,https://ecom-su-static-prod.wtrecom.com/images/products/3/LN_460474_BP_3.jpg,https://www.waitrose.com/ecom/products/alpro-my-cuppa-soya-chilled-dairy-free-milk-alternative/460474-741030-741031,Alpro My Cuppa Soya Chilled Dairy Free Milk Alternative,750ml,£2.00,£2.67/litre,,Dietary & Lifestyle
860984,Sharwood's Garlic & Coriander Naans,G,false,2527,https://ecom-su-static-prod.wtrecom.com/images/products/3/LN_860984_BP_3.jpg,https://www.waitrose.com/ecom/products/sharwoods-garlic-coriander-naans/860984-703583-703584,Sharwood's Garlic & Coriander Naans,2s,£2.00,£1 each,,Dietary & Lifestyle
436613,Waitrose Seedless Vitoria Grapes,G,false,2528,https://ecom-su-static-prod.wtrecom.com/images/products/3/LN_436613_BP_3.jpg,https://www.waitrose.com/ecom/products/waitrose-seedless-vitoria-grapes/436613-512614-512615,Waitrose Seedless Vitoria Grapes,400g,£3.00,£7.50/kg,,Dietary & Lifestyle
421173,Weleda Calendula Shampoo & Body Wash,G,false,2529,https://ecom-su-static-prod.wtrecom.com/images/products/3/LN_421173_BP_3.jpg,https://www.waitrose.com/ecom/products/weleda-calendula-shampoo-body-wash/421173-59252-59253,Weleda Calendula Shampoo & Body Wash,200ml,£7.60,£3.80/100ml,,Dietary & Lifestyle
797127,Waitrose Fresh Macaroni,G,false,2530,https://ecom-su-static-prod.wtrecom.com/images/products/3/LN_797127_BP_3.jpg,https://www.waitrose.com/ecom/products/waitrose-fresh-macaroni/797127-793278-793279,Waitrose Fresh Macaroni,500g,£2.30,46p/100g,,Dietary & Lifestyle
863788,Waitrose Fairtrade Chenin Blanc,W,false,2531,https://ecom-su-static-prod.wtrecom.com/images/products/3/LN_863788_BP_3.jpg,https://www.waitrose.com/ecom/products/waitrose-fairtrade-chenin-blanc/863788-706775-706776,Waitrose Fairtrade Chenin Blanc,75cl,£8.99,£8.99/75cl,,Dietary & Lifestyle
615566,Teapigs Mao Feng Green Tea 15 Tea Temples,G,false,2532,https://ecom-su-static-prod.wtrecom.com/images/products/3/LN_615566_BP_3.jpg,https://www.waitrose.com/ecom/products/teapigs-mao-feng-green-tea-15-tea-temples/615566-87327-87328,Teapigs Mao Feng Green Tea 15 Tea Temples,37.5g,£4.75,£12.67/100g,,Dietary & Lifestyle
772513,Goodrays CBD Mixed Pack Sparkling Drink,G,true,2533,https://ecom-su-static-prod.wtrecom.com/images/products/3/LN_772513_BP_3.jpg,https://www.waitrose.com/ecom/products/goodrays-cbd-mixed-pack-sparkling-drink/772513-806313-806313,Goodrays CBD Mixed Pack Sparkling Drink,4x250ml,£6.00,60p/100ml,save £1.50. Was £7.50,Dietary & Lifestyle
719515,Gran Luchito Chipotle Salsa,G,false,2534,https://ecom-su-static-prod.wtrecom.com/images/products/3/LN_719515_BP_3.jpg,https://www.waitrose.com/ecom/products/gran-luchito-chipotle-salsa/719515-600780-600781,Gran Luchito Chipotle Salsa,300g,£3.00,£1/100g,,Dietary & Lifestyle
656835,Faith in Nature Wild Rose Hand Wash,G,true,2535,https://ecom-su-static-prod.wtrecom.com/images/products/3/LN_656835_BP_3.jpg,https://www.waitrose.com/ecom/products/faith-in-nature-wild-rose-hand-wash/656835-805793-805794,Faith in Nature Wild Rose Hand Wash,400ml,£3.06,76.5p/100ml,Save 1/3. Was £4.60,Dietary & Lifestyle
720939,Quorn Vegetarian Chicken Slices,G,false,2536,https://ecom-su-static-prod.wtrecom.com/images/products/3/LN_720939_BP_3.jpg,https://www.waitrose.com/ecom/products/quorn-vegetarian-chicken-slices/720939-810971-810972,Quorn Vegetarian Chicken Slices,170g,£2.49,£1.47/100g,,Dietary & Lifestyle
804571,Faith in Nature Wild Rose Soap,G,true,2537,https://ecom-su-static-prod.wtrecom.com/images/products/3/LN_804571_BP_3.jpg,https://www.waitrose.com/ecom/products/faith-in-nature-wild-rose-soap/804571-793592-793593,Faith in Nature Wild Rose Soap,100g,£2.15,£2.15/100g,Save 1/3. Was £3.25,Dietary & Lifestyle
485468,Schär Gluten Free Curvies,G,false,2538,https://ecom-su-static-prod.wtrecom.com/images/products/3/LN_485468_BP_3.jpg,https://www.waitrose.com/ecom/products/schar-gluten-free-curvies/485468-723697-723698,Schär Gluten Free Curvies,170g,£2.85,£1.68/100g,,Dietary & Lifestyle
707660,Belazu Gran Reserva Sherry Vinegar,G,false,2539,https://ecom-su-static-prod.wtrecom.com/images/products/3/LN_707660_BP_3.jpg,https://www.waitrose.com/ecom/products/belazu-gran-reserva-sherry-vinegar/707660-690362-690363,Belazu Gran Reserva Sherry Vinegar,250ml,£6.50,£2.60/100ml,,Dietary & Lifestyle
731372,Crosta & Mollica Spaghetti Pasta,G,false,2540,https://ecom-su-static-prod.wtrecom.com/images/products/3/LN_731372_BP_3.jpg,https://www.waitrose.com/ecom/products/crosta-mollica-spaghetti-pasta/731372-785078-785079,Crosta & Mollica Spaghetti Pasta,500g,£3.00,£6/kg,,Dietary & Lifestyle
598571,Ella's Kitchen Veggie Lasagne,G,true,2541,https://ecom-su-static-prod.wtrecom.com/images/products/3/LN_598571_BP_3.jpg,https://www.waitrose.com/ecom/products/ellas-kitchen-veggie-lasagne/598571-454070-454071,Ella's Kitchen Veggie Lasagne,130g,£1.80,£1.39/100g,Add 5 for £7,Dietary & Lifestyle
668108,Innocent Plus Bolt From the Blue Guava & Lime High Vitamin Fruit Juice Large,G,true,2542,https://ecom-su-static-prod.wtrecom.com/images/products/3/LN_668108_BP_3.jpg,https://www.waitrose.com/ecom/products/innocent-plus-bolt-from-the-blue-guava-lime-high-vitamin-fruit-juice-large/668108-693454-693455,Innocent Plus Bolt From the Blue Guava & Lime High Vitamin Fruit Juice Large,750ml,£2.00,26.7p/100ml,Half Price. Was £4.00,Dietary & Lifestyle
556575,KIND Gluten Free Maple Pecan Almond Bars,G,true,2543,https://ecom-su-static-prod.wtrecom.com/images/products/3/LN_556575_BP_3.jpg,https://www.waitrose.com/ecom/products/kind-gluten-free-maple-pecan-almond-bars/556575-791091-791092,KIND Gluten Free Maple Pecan Almond Bars,3x30g,£2.00,£2.23/100g,save £1.15. Was £3.15,Dietary & Lifestyle
446129,Ocean Spray Fibre Boost Cranberries,G,false,2544,https://ecom-su-static-prod.wtrecom.com/images/products/3/LN_446129_BP_3.jpg,https://www.waitrose.com/ecom/products/ocean-spray-fibre-boost-cranberries/446129-757899-757900,Ocean Spray Fibre Boost Cranberries,120g,£2.50,£2.09/100g,,Dietary & Lifestyle
456857,Pieminister Maroc Star Filo Pie,G,false,2545,https://ecom-su-static-prod.wtrecom.com/images/products/3/LN_456857_BP_3.jpg,https://www.waitrose.com/ecom/products/pieminister-maroc-star-filo-pie/456857-805603-805604,Pieminister Maroc Star Filo Pie,230g,£4.70,£2.05/100g,,Dietary & Lifestyle
497389,Hilltop Manuka 50+ MGO New Zealand Honey,G,false,2546,https://ecom-su-static-prod.wtrecom.com/images/products/3/LN_497389_BP_3.jpg,https://www.waitrose.com/ecom/products/hilltop-manuka-50-mgo-new-zealand-honey/497389-771135-771136,Hilltop Manuka 50+ MGO New Zealand Honey,225g,£8.40,£3.74/100g,,Dietary & Lifestyle
002192,Waitrose Red Kidney Beans,G,false,2547,https://ecom-su-static-prod.wtrecom.com/images/products/3/LN_002192_BP_3.jpg,https://www.waitrose.com/ecom/products/waitrose-red-kidney-beans/002192-644-645,Waitrose Red Kidney Beans,500g,£1.60,£3.20/kg,,Dietary & Lifestyle
436367,Tracklements Strong Horseradish Cream,G,false,2548,https://ecom-su-static-prod.wtrecom.com/images/products/3/LN_436367_BP_3.jpg,https://www.waitrose.com/ecom/products/tracklements-strong-horseradish-cream/436367-61392-61393,Tracklements Strong Horseradish Cream,140g,£3.00,£2.15/100g,,Dietary & Lifestyle
034766,Waitrose Kalamata Olive & Sun-Dried Tomato Tapenade,G,false,2549,https://ecom-su-static-prod.wtrecom.com/images/products/3/LN_034766_BP_3.jpg,https://www.waitrose.com/ecom/products/waitrose-kalamata-olive-sun-dried-tomato-tapenade/034766-17523-17524,Waitrose Kalamata Olive & Sun-Dried Tomato Tapenade,165g,£3.25,£1.97/100g,,Dietary & Lifestyle
838060,Bio-tiful Dairy Morello Cherry Kefir Drink,G,false,2550,https://ecom-su-static-prod.wtrecom.com/images/products/3/LN_838060_BP_3.jpg,https://www.waitrose.com/ecom/products/bio-tiful-dairy-morello-cherry-kefir-drink/838060-601824-601825,Bio-tiful Dairy Morello Cherry Kefir Drink,250ml,£1.75,70p/100ml,,Dietary & Lifestyle
608648,Innocent Energise Strawberry & Cherry High Vitamin Fruit Super Smoothie,G,true,2551,https://ecom-su-static-prod.wtrecom.com/images/products/3/LN_608648_BP_3.jpg,https://www.waitrose.com/ecom/products/innocent-energise-strawberry-cherry-high-vitamin-fruit-super-smoothie/608648-722153-722154,Innocent Energise Strawberry & Cherry High Vitamin Fruit Super Smoothie,300ml,£2.65,88.3p/100ml,"£5 Food to Go Meal Deal: Add 1 Main, 1 Snack and 1 Drink",Dietary & Lifestyle
612184,Tilda Limited Edition Rice,G,true,2552,https://ecom-su-static-prod.wtrecom.com/images/products/3/LN_612184_BP_3.jpg,https://www.waitrose.com/ecom/products/tilda-limited-edition-rice/612184-237566-237567,Tilda Limited Edition Rice,250g,£1.00,£4/kg,save 85p. Was £1.85,Dietary & Lifestyle
708003,Twinings Superblends Calm Camomile Tea Bags 20,G,false,2553,https://ecom-su-static-prod.wtrecom.com/images/products/3/LN_708003_BP_3.jpg,https://www.waitrose.com/ecom/products/twinings-superblends-calm-camomile-tea-bags-20/708003-693120-693121,Twinings Superblends Calm Camomile Tea Bags 20,30g,£3.70,£12.34/100g,,Dietary & Lifestyle
792970,Waitrose Free From Milk & Gluten Free Chocolate Orange Brownie Tarts,G,false,2554,https://ecom-su-static-prod.wtrecom.com/images/products/3/LN_792970_BP_3.jpg,https://www.waitrose.com/ecom/products/waitrose-free-from-milk-gluten-free-chocolate-orange-brownie-tarts/792970-791207-791208,Waitrose Free From Milk & Gluten Free Chocolate Orange Brownie Tarts,170g,£3.15,£1.86/100g,,Dietary & Lifestyle
857591,Teapigs Mao Feng Green Tea 40 Tea Temples,G,false,2555,https://ecom-su-static-prod.wtrecom.com/images/products/3/LN_857591_BP_3.jpg,https://www.waitrose.com/ecom/products/teapigs-mao-feng-green-tea-40-tea-temples/857591-693320-693321,Teapigs Mao Feng Green Tea 40 Tea Temples,100g,£9.15,£9.15/100g,,Dietary & Lifestyle
705033,PlantLiving: Spiced Cauliflower Pakora,G,false,2556,https://ecom-su-static-prod.wtrecom.com/images/products/3/LN_705033_BP_3.jpg,https://www.waitrose.com/ecom/products/plantliving-spiced-cauliflower-pakora/705033-788395-788396,PlantLiving: Spiced Cauliflower Pakora,180g,£3.50,£19.45/kg,,Dietary & Lifestyle
441992,Clipper Organic Fairtrade White Tea Bags 40s,G,true,2557,https://ecom-su-static-prod.wtrecom.com/images/products/3/LN_441992_BP_3.jpg,https://www.waitrose.com/ecom/products/clipper-organic-fairtrade-white-tea-bags-40s/441992-741679-741680,Clipper Organic Fairtrade White Tea Bags 40s,70g,£2.00,£2.86/100g,save £1.10. Was £3.10,Dietary & Lifestyle
807272,Dell'Ugo Ricotta and Spinach Cannelloni,G,false,2558,https://ecom-su-static-prod.wtrecom.com/images/products/3/LN_807272_BP_3.jpg,https://www.waitrose.com/ecom/products/dellugo-ricotta-and-spinach-cannelloni/807272-769322-769323,Dell'Ugo Ricotta and Spinach Cannelloni,300g,£4.20,£14/kg,,Dietary & Lifestyle
665321,Jordans Country Crisp Honey & Nuts Cereal,G,true,2559,https://ecom-su-static-prod.wtrecom.com/images/products/3/LN_665321_BP_3.jpg,https://www.waitrose.com/ecom/products/jordans-country-crisp-honey-nuts-cereal/665321-141254-141255,Jordans Country Crisp Honey & Nuts Cereal,500g,£2.50,50p/100g,save £1.30. Was £3.80,Dietary & Lifestyle
851330,Propercorn Sweet & Salty,G,true,2560,https://ecom-su-static-prod.wtrecom.com/images/products/3/LN_851330_BP_3.jpg,https://www.waitrose.com/ecom/products/propercorn-sweet-salty/851330-605244-605245,Propercorn Sweet & Salty,30g,£1.10,£3.67/100g,"£5 Food to Go Meal Deal: Add 1 Main, 1 Snack and 1 Drink",Dietary & Lifestyle
766307,Waitrose PLV Jackfruit Pieces in Water,G,false,2561,https://ecom-su-static-prod.wtrecom.com/images/products/3/LN_766307_BP_3.jpg,https://www.waitrose.com/ecom/products/waitrose-plv-jackfruit-pieces-in-water/766307-773394-773395,Waitrose PLV Jackfruit Pieces in Water,drained 210g,£2.00,48.8p/100g,,Dietary & Lifestyle
893618,Graze Salt & Vinegar Crunch,G,false,2562,https://ecom-su-static-prod.wtrecom.com/images/products/3/LN_893618_BP_3.jpg,https://www.waitrose.com/ecom/products/graze-salt-vinegar-crunch/893618-728640-728641,Graze Salt & Vinegar Crunch,100g,£2.65,£2.65/100g,,Dietary & Lifestyle
698162,Juicy Marbles 2x Thick-Cut Filet Plant-Based Steaks,G,false,2563,https://ecom-su-static-prod.wtrecom.com/images/products/3/LN_698162_BP_3.jpg,https://www.waitrose.com/ecom/products/juicy-marbles-2x-thick-cut-filet-plant-based-steaks/698162-810162-810163,Juicy Marbles 2x Thick-Cut Filet Plant-Based Steaks,226g,£9.00,£39.83/kg,,Dietary & Lifestyle
087757,Clearspring Miso Soup with Tofu,G,false,2564,https://ecom-su-static-prod.wtrecom.com/images/products/3/LN_087757_BP_3.jpg,https://www.waitrose.com/ecom/products/clearspring-miso-soup-with-tofu/087757-44878-44879,Clearspring Miso Soup with Tofu,4x10g,£3.80,£9.50/100g,,Dietary & Lifestyle
650294,Tony's Chocolonely Milk,G,true,2565,https://ecom-su-static-prod.wtrecom.com/images/products/3/LN_650294_BP_3.jpg,https://www.waitrose.com/ecom/products/tonys-chocolonely-milk/650294-744601-744602,Tony's Chocolonely Milk,50g,£1.40,£2.80/100g,"£5 Food to Go Meal Deal: Add 1 Main, 1 Snack and 1 Drink",Dietary & Lifestyle
586320,Tanqueray Alcohol Free 0.0 Spirit,G,false,2566,https://ecom-su-static-prod.wtrecom.com/images/products/3/LN_586320_BP_3.jpg,https://www.waitrose.com/ecom/products/tanqueray-alcohol-free-00-spirit/586320-755933-755934,Tanqueray Alcohol Free 0.0 Spirit,70cl,£18.00,£25.72/litre,,Dietary & Lifestyle
437413,Belazu Vegan Basil Pesto,G,false,2567,https://ecom-su-static-prod.wtrecom.com/images/products/3/LN_437413_BP_3.jpg,https://www.waitrose.com/ecom/products/belazu-vegan-basil-pesto/437413-784804-784805,Belazu Vegan Basil Pesto,165g,£3.35,£2.04/100g,,Dietary & Lifestyle
726822,Waitrose Fresh Wholewheat Penne,G,false,2568,https://ecom-su-static-prod.wtrecom.com/images/products/3/LN_726822_BP_3.jpg,https://www.waitrose.com/ecom/products/waitrose-fresh-wholewheat-penne/726822-793266-793267,Waitrose Fresh Wholewheat Penne,500g,£2.30,46p/100g,,Dietary & Lifestyle
654401,Nishaan Chakki Roti 6 Indian Chapattis,G,false,2569,https://ecom-su-static-prod.wtrecom.com/images/products/3/LN_654401_BP_3.jpg,https://www.waitrose.com/ecom/products/nishaan-chakki-roti-6-indian-chapattis/654401-92903-92904,Nishaan Chakki Roti 6 Indian Chapattis,350g,£1.30,37.1p/100g,,Dietary & Lifestyle
865031,Faith in Nature Coconut Soap,G,true,2570,https://ecom-su-static-prod.wtrecom.com/images/products/3/LN_865031_BP_3.jpg,https://www.waitrose.com/ecom/products/faith-in-nature-coconut-soap/865031-719957-719958,Faith in Nature Coconut Soap,100g,£2.15,£2.15/100g,Save 1/3. Was £3.25,Dietary & Lifestyle
789524,Ella's Kitchen Sweet Potatoes Broccoli + Carrots,G,false,2571,https://ecom-su-static-prod.wtrecom.com/images/products/3/LN_789524_BP_3.jpg,https://www.waitrose.com/ecom/products/ellas-kitchen-sweet-potatoes-broccoli-carrots/789524-116903-116904,Ella's Kitchen Sweet Potatoes Broccoli + Carrots,120g,£1.35,£1.13/100g,,Dietary & Lifestyle
890543,Divine Fairtrade 85% Dark Chocolate,G,false,2572,https://ecom-su-static-prod.wtrecom.com/images/products/3/LN_890543_BP_3.jpg,https://www.waitrose.com/ecom/products/divine-fairtrade-85-dark-chocolate/890543-202541-202542,Divine Fairtrade 85% Dark Chocolate,90g,£2.80,£3.12/100g,,Dietary & Lifestyle
085524,Duchy Organic Pointed Spring Cabbage,G,false,2573,https://ecom-su-static-prod.wtrecom.com/images/products/3/LN_085524_BP_3.jpg,https://www.waitrose.com/ecom/products/duchy-organic-pointed-spring-cabbage/085524-43608-43609,Duchy Organic Pointed Spring Cabbage,Each,£1.45,£1.45 each,,Dietary & Lifestyle
752493,Kiddylicious Mini Coconut Rolls,G,false,2574,https://ecom-su-static-prod.wtrecom.com/images/products/3/LN_752493_BP_3.jpg,https://www.waitrose.com/ecom/products/kiddylicious-mini-coconut-rolls/752493-758650-758651,Kiddylicious Mini Coconut Rolls,8x6.8g,£2.65,£4.88/100g,,Dietary & Lifestyle
604805,PlantLiving: Tiramisu,G,false,2575,https://ecom-su-static-prod.wtrecom.com/images/products/3/LN_604805_BP_3.jpg,https://www.waitrose.com/ecom/products/plantliving-tiramisu/604805-788377-788378,PlantLiving: Tiramisu,180g,£2.50,£1.39/100g,,Dietary & Lifestyle
765356,Heinz No Added Sugar Cream of Tomato Soup,G,true,2576,https://ecom-su-static-prod.wtrecom.com/images/products/3/LN_765356_BP_3.jpg,https://www.waitrose.com/ecom/products/heinz-no-added-sugar-cream-of-tomato-soup/765356-450644-450645,Heinz No Added Sugar Cream of Tomato Soup,400g,£1.75,43.8p/100g,Add 3 for £4.50,Dietary & Lifestyle
827031,Belazu Aubergine & Parmesan Pesto,G,false,2577,https://ecom-su-static-prod.wtrecom.com/images/products/3/LN_827031_BP_3.jpg,https://www.waitrose.com/ecom/products/belazu-aubergine-parmesan-pesto/827031-745503-745504,Belazu Aubergine & Parmesan Pesto,165g,£3.35,£2.04/100g,,Dietary & Lifestyle
567721,Pieminster Harissa Chicken Pie,G,false,2578,https://ecom-su-static-prod.wtrecom.com/images/products/3/LN_567721_BP_3.jpg,https://www.waitrose.com/ecom/products/pieminster-harissa-chicken-pie/567721-805617-805618,Pieminster Harissa Chicken Pie,230g,£4.70,£2.05/100g,,Dietary & Lifestyle
068130,Jordans Crunchy Oat Fruit & Nut Granola,G,false,2579,https://ecom-su-static-prod.wtrecom.com/images/products/3/LN_068130_BP_3.jpg,https://www.waitrose.com/ecom/products/jordans-crunchy-oat-fruit-nut-granola/068130-34573-34574,Jordans Crunchy Oat Fruit & Nut Granola,750g,£3.80,50.7p/100g,,Dietary & Lifestyle
850003,Crosta & Mollica Sorbetto Lemon,G,true,2580,https://ecom-su-static-prod.wtrecom.com/images/products/3/LN_850003_BP_3.jpg,https://www.waitrose.com/ecom/products/crosta-mollica-sorbetto-lemon/850003-804200-804201,Crosta & Mollica Sorbetto Lemon,150g,£4.40,£2.94/100g,20% Off. Was £5.50,Dietary & Lifestyle
609519,THIS Isn't Chicken Shawarma,G,false,2581,https://ecom-su-static-prod.wtrecom.com/images/products/3/LN_609519_BP_3.jpg,https://www.waitrose.com/ecom/products/this-isnt-chicken-shawarma/609519-825133-825134,THIS Isn't Chicken Shawarma,170g,£3.40,£2/100g,,Dietary & Lifestyle
826549,Nairn's Gluten Free Oaties Choc Chip,G,false,2582,https://ecom-su-static-prod.wtrecom.com/images/products/3/LN_826549_BP_3.jpg,https://www.waitrose.com/ecom/products/nairns-gluten-free-oaties-choc-chip/826549-798786-798787,Nairn's Gluten Free Oaties Choc Chip,160g,£1.50,93.8p/100g,,Dietary & Lifestyle
084436,Waitrose Black Turtle Beans,G,false,2583,https://ecom-su-static-prod.wtrecom.com/images/products/3/LN_084436_BP_3.jpg,https://www.waitrose.com/ecom/products/waitrose-black-turtle-beans/084436-42887-42888,Waitrose Black Turtle Beans,500g,£1.95,£3.90/kg,,Dietary & Lifestyle
737592,Freee Gluten Free Rice Flour,G,false,2584,https://ecom-su-static-prod.wtrecom.com/images/products/3/LN_737592_BP_3.jpg,https://www.waitrose.com/ecom/products/freee-gluten-free-rice-flour/737592-104842-104843,Freee Gluten Free Rice Flour,1kg,£2.00,£2/kg,,Dietary & Lifestyle
477531,Squeaky Bean Cooking Chorizo Style Sausage,G,false,2585,https://ecom-su-static-prod.wtrecom.com/images/products/3/LN_477531_BP_3.jpg,https://www.waitrose.com/ecom/products/squeaky-bean-cooking-chorizo-style-sausage/477531-794542-794543,Squeaky Bean Cooking Chorizo Style Sausage,100g,£3.50,£35/kg,,Dietary & Lifestyle
701488,Easy to Cook Breasts Chicken With Leek & Wensleydale,G,false,2586,https://ecom-su-static-prod.wtrecom.com/images/products/3/LN_701488_BP_3.jpg,https://www.waitrose.com/ecom/products/easy-to-cook-breasts-chicken-with-leek-wensleydale/701488-288233-288234,Easy to Cook Breasts Chicken With Leek & Wensleydale,350g,£5.75,£16.43/kg,,Dietary & Lifestyle
550895,Mr Organic Tomato & Lentil Soup,G,false,2587,https://ecom-su-static-prod.wtrecom.com/images/products/3/LN_550895_BP_3.jpg,https://www.waitrose.com/ecom/products/mr-organic-tomato-lentil-soup/550895-800184-800185,Mr Organic Tomato & Lentil Soup,400g,£1.95,48.8p/100g,,Dietary & Lifestyle
511838,Costa Coffee Caramel Latte Iced Coffee Can,G,true,2588,https://ecom-su-static-prod.wtrecom.com/images/products/3/LN_511838_BP_3.jpg,https://www.waitrose.com/ecom/products/costa-coffee-caramel-latte-iced-coffee-can/511838-778556-778557,Costa Coffee Caramel Latte Iced Coffee Can,250ml,£2.00,80p/100ml,"£5 Food to Go Meal Deal: Add 1 Main, 1 Snack and 1 Drink",Dietary & Lifestyle
654849,Waitrose Plant Living Vegan Garlic Doughballs,G,false,2589,https://ecom-su-static-prod.wtrecom.com/images/products/3/LN_654849_BP_3.jpg,https://www.waitrose.com/ecom/products/waitrose-plant-living-vegan-garlic-doughballs/654849-825159-825160,Waitrose Plant Living Vegan Garlic Doughballs,210G,£3.00,,,Dietary & Lifestyle
552864,Charlie Bigham's Proper Puds Sticky Toffee,G,false,2590,https://ecom-su-static-prod.wtrecom.com/images/products/3/LN_552864_BP_3.jpg,https://www.waitrose.com/ecom/products/charlie-bighams-proper-puds-sticky-toffee/552864-719524-719525,Charlie Bigham's Proper Puds Sticky Toffee,436g,£5.00,£1.15/100g,,Dietary & Lifestyle
640991,Crosta & Mollica Lemon Marmalade,G,false,2591,https://ecom-su-static-prod.wtrecom.com/images/products/3/LN_640991_BP_3.jpg,https://www.waitrose.com/ecom/products/crosta-mollica-lemon-marmalade/640991-801164-801165,Crosta & Mollica Lemon Marmalade,240g,£2.55,£1.07/100g,,Dietary & Lifestyle
770842,Organix Little Ruskits Vanilla,G,false,2592,https://ecom-su-static-prod.wtrecom.com/images/products/3/LN_770842_BP_3.jpg,https://www.waitrose.com/ecom/products/organix-little-ruskits-vanilla/770842-779415-779416,Organix Little Ruskits Vanilla,10x6g,£2.10,£3.50/100g,,Dietary & Lifestyle
883338,Whole Earth Smooth Peanut Butter,G,false,2593,https://ecom-su-static-prod.wtrecom.com/images/products/3/LN_883338_BP_3.jpg,https://www.waitrose.com/ecom/products/whole-earth-smooth-peanut-butter/883338-723116-723117,Whole Earth Smooth Peanut Butter,1kg,£7.15,71.5p/100g,,Dietary & Lifestyle
864548,No.1 Dark Chocolate & Hazelnut Nougat,G,true,2594,https://ecom-su-static-prod.wtrecom.com/images/products/3/LN_864548_BP_3.jpg,https://www.waitrose.com/ecom/products/no1-dark-chocolate-hazelnut-nougat/864548-675258-675259,No.1 Dark Chocolate & Hazelnut Nougat,100g,£1.50,£1.50/100g,Reduced to Clear. Was £3.50,Dietary & Lifestyle
849667,Deliciously Ella Vegan Double Chocolate Cup,G,false,2595,https://ecom-su-static-prod.wtrecom.com/images/products/3/LN_849667_BP_3.jpg,https://www.waitrose.com/ecom/products/deliciously-ella-vegan-double-chocolate-cup/849667-702090-702091,Deliciously Ella Vegan Double Chocolate Cup,36g,£1.65,£4.59/100g,,Dietary & Lifestyle
437842,Crosta & Mollica Cannelloni Beef & Pork Ragu for 1,G,false,2596,https://ecom-su-static-prod.wtrecom.com/images/products/3/LN_437842_BP_3.jpg,https://www.waitrose.com/ecom/products/crosta-mollica-cannelloni-beef-pork-ragu-for-1/437842-805597-805598,Crosta & Mollica Cannelloni Beef & Pork Ragu for 1,400g,£5.00,£12.50/kg,,Dietary & Lifestyle
509948,Crosta & Mollica Norma Pasta Sauce,G,false,2597,https://ecom-su-static-prod.wtrecom.com/images/products/3/LN_509948_BP_3.jpg,https://www.waitrose.com/ecom/products/crosta-mollica-norma-pasta-sauce/509948-783216-783217,Crosta & Mollica Norma Pasta Sauce,340g,£3.00,88.2p/100g,,Dietary & Lifestyle
411322,Little Moons Refreshos Very Berry,G,true,2598,https://ecom-su-static-prod.wtrecom.com/images/products/3/LN_411322_BP_3.jpg,https://www.waitrose.com/ecom/products/little-moons-refreshos-very-berry/411322-801728-801729,Little Moons Refreshos Very Berry,192g,£3.75,£1.96/100g,save £1.25. Was £5.00,Dietary & Lifestyle
051266,Cooks' Ingredients Wild Mushrooms,G,false,2599,https://ecom-su-static-prod.wtrecom.com/images/products/3/LN_051266_BP_3.jpg,https://www.waitrose.com/ecom/products/cooks-ingredients-wild-mushrooms/051266-25511-25512,Cooks' Ingredients Wild Mushrooms,30g,£3.10,£1.04/10g,,Dietary & Lifestyle
892754,Heinz Vegetable Cup Soup,G,true,2600,https://ecom-su-static-prod.wtrecom.com/images/products/3/LN_892754_BP_3.jpg,https://www.waitrose.com/ecom/products/heinz-vegetable-cup-soup/892754-362083-362084,Heinz Vegetable Cup Soup,4x17g,£1.50,£2.21/100g,Add 3 for £4,Dietary & Lifestyle
617552,Heinz Bolognese Pasta Sauce,G,false,2601,https://ecom-su-static-prod.wtrecom.com/images/products/3/LN_617552_BP_3.jpg,https://www.waitrose.com/ecom/products/heinz-bolognese-pasta-sauce/617552-802580-802581,Heinz Bolognese Pasta Sauce,490g,£3.00,61.2p/100g,,Dietary & Lifestyle
513402,Violife Epic Plant Based Cheese Block,G,false,2602,https://ecom-su-static-prod.wtrecom.com/images/products/3/LN_513402_BP_3.jpg,https://www.waitrose.com/ecom/products/violife-epic-plant-based-cheese-block/513402-715078-715079,Violife Epic Plant Based Cheese Block,200g,£2.90,£14.50/kg,,Dietary & Lifestyle
085855,Cafédirect FT Kilimanjaro Ground Coffee,G,true,2603,https://ecom-su-static-prod.wtrecom.com/images/products/3/LN_085855_BP_3.jpg,https://www.waitrose.com/ecom/products/cafedirect-ft-kilimanjaro-ground-coffee/085855-43800-43801,Cafédirect FT Kilimanjaro Ground Coffee,200g,£3.50,£1.75/100g,save £1.45. Was £4.95,Dietary & Lifestyle
612805,Little Soap Co. Pure Rose Geranium Soap Bar,G,false,2604,https://ecom-su-static-prod.wtrecom.com/images/products/3/LN_612805_BP_3.jpg,https://www.waitrose.com/ecom/products/little-soap-co-pure-rose-geranium-soap-bar/612805-454152-454153,Little Soap Co. Pure Rose Geranium Soap Bar,110g,£4.00,£3.64/100g,,Dietary & Lifestyle
001362,Jordans Jumbo Porridge Oats Breakfast Cereal,G,false,2605,https://ecom-su-static-prod.wtrecom.com/images/products/3/LN_001362_BP_3.jpg,https://www.waitrose.com/ecom/products/jordans-jumbo-porridge-oats-breakfast-cereal/001362-246-247,Jordans Jumbo Porridge Oats Breakfast Cereal,750g,£2.65,35.3p/100g,,Dietary & Lifestyle
834175,Pollen + Grace Chickpea Tikka Masala,G,false,2606,https://ecom-su-static-prod.wtrecom.com/images/products/3/LN_834175_BP_3.jpg,https://www.waitrose.com/ecom/products/pollen-grace-chickpea-tikka-masala/834175-823172-823173,Pollen + Grace Chickpea Tikka Masala,400g,£4.75,£1.19/100g,,Dietary & Lifestyle
757164,Sipsmith London Dry Gin,G,true,2607,https://ecom-su-static-prod.wtrecom.com/images/products/3/LN_757164_BP_3.jpg,https://www.waitrose.com/ecom/products/sipsmith-london-dry-gin/757164-107713-107714,Sipsmith London Dry Gin,70cl,£23.00,£32.86/litre,save £7.00. Was £30.00,Dietary & Lifestyle
829999,BEAR Yo Yos Mango,G,false,2608,https://ecom-su-static-prod.wtrecom.com/images/products/3/LN_829999_BP_3.jpg,https://www.waitrose.com/ecom/products/bear-yo-yos-mango/829999-492191-492192,BEAR Yo Yos Mango,9s,£4.90,54.4p each,,Dietary & Lifestyle
801733,Moma Oat Milk Unsweetened Dairy Free Semi Skimmed Milk Alternative,G,false,2609,https://ecom-su-static-prod.wtrecom.com/images/products/3/LN_801733_BP_3.jpg,https://www.waitrose.com/ecom/products/moma-oat-milk-unsweetened-dairy-free-semi-skimmed-milk-alternative/801733-772830-772831,Moma Oat Milk Unsweetened Dairy Free Semi Skimmed Milk Alternative,1litre,£2.10,£2.10/litre,,Dietary & Lifestyle
612438,"Lily's Kitchen Duck, Salmon & Venison Grain-Free Dry Dog Food",G,false,2610,https://ecom-su-static-prod.wtrecom.com/images/products/3/LN_612438_BP_3.jpg,https://www.waitrose.com/ecom/products/lilys-kitchen-duck-salmon-venison-grain-free-dry-dog-food/612438-216003-216004,"Lily's Kitchen Duck, Salmon & Venison Grain-Free Dry Dog Food",1kg,£10.00,£10/kg,,Dietary & Lifestyle
513630,Waitrose Duchy Organic Dried Pitted Dates,G,false,2611,https://ecom-su-static-prod.wtrecom.com/images/products/3/LN_513630_BP_3.jpg,https://www.waitrose.com/ecom/products/waitrose-duchy-organic-dried-pitted-dates/513630-752619-752620,Waitrose Duchy Organic Dried Pitted Dates,250g,£3.50,£1.40/100g,,Dietary & Lifestyle
885956,Cafédirect Fairtrade Colombia Ground Coffee,G,true,2612,https://ecom-su-static-prod.wtrecom.com/images/products/3/LN_885956_BP_3.jpg,https://www.waitrose.com/ecom/products/cafedirect-fairtrade-colombia-ground-coffee/885956-347944-347945,Cafédirect Fairtrade Colombia Ground Coffee,200g,£3.50,£1.75/100g,save £1.45. Was £4.95,Dietary & Lifestyle
423618,Jimmy's Mocha Iced Coffee,G,true,2613,https://ecom-su-static-prod.wtrecom.com/images/products/3/LN_423618_BP_3.jpg,https://www.waitrose.com/ecom/products/jimmys-mocha-iced-coffee/423618-755777-755778,Jimmy's Mocha Iced Coffee,275ml,£2.20,£8/litre,"£5 Food to Go Meal Deal: Add 1 Main, 1 Snack and 1 Drink",Dietary & Lifestyle
743829,Mister Free'd Gluten Free Cheezie Tortilla Chips,G,false,2614,https://ecom-su-static-prod.wtrecom.com/images/products/3/LN_743829_BP_3.jpg,https://www.waitrose.com/ecom/products/mister-freed-gluten-free-cheezie-tortilla-chips/743829-798756-798757,Mister Free'd Gluten Free Cheezie Tortilla Chips,135g,£2.10,£1.56/100g,,Dietary & Lifestyle
636100,Innocent Plus Citrus Shield Orange & Carrot High Vitamin Fruit Juice,G,true,2615,https://ecom-su-static-prod.wtrecom.com/images/products/3/LN_636100_BP_3.jpg,https://www.waitrose.com/ecom/products/innocent-plus-citrus-shield-orange-carrot-high-vitamin-fruit-juice/636100-693450-693451,Innocent Plus Citrus Shield Orange & Carrot High Vitamin Fruit Juice,750ml,£2.00,26.7p/100ml,Half Price. Was £4.00,Dietary & Lifestyle
847454,Faith in Nature Grapefruit & Orange Shampoo,G,false,2616,https://ecom-su-static-prod.wtrecom.com/images/products/3/LN_847454_BP_3.jpg,https://www.waitrose.com/ecom/products/faith-in-nature-grapefruit-orange-shampoo/847454-724141-724142,Faith in Nature Grapefruit & Orange Shampoo,400ml,£8.00,£2/100ml,,Dietary & Lifestyle
818527,Naturya Organic Cacao Powder,G,false,2617,https://ecom-su-static-prod.wtrecom.com/images/products/3/LN_818527_BP_3.jpg,https://www.waitrose.com/ecom/products/naturya-organic-cacao-powder/818527-585685-585686,Naturya Organic Cacao Powder,125g,£4.20,£3.36/100g,,Dietary & Lifestyle
634020,Little Soap Co. Pure Rose Geranium Handsoap,G,false,2618,https://ecom-su-static-prod.wtrecom.com/images/products/3/LN_634020_BP_3.jpg,https://www.waitrose.com/ecom/products/little-soap-co-pure-rose-geranium-handsoap/634020-454288-454289,Little Soap Co. Pure Rose Geranium Handsoap,250ml,£6.00,£2.40/100ml,,Dietary & Lifestyle
564394,No.1 Brazil Assodantas Ground Coffee,G,false,2619,https://ecom-su-static-prod.wtrecom.com/images/products/3/LN_564394_BP_3.jpg,https://www.waitrose.com/ecom/products/no1-brazil-assodantas-ground-coffee/564394-711656-711657,No.1 Brazil Assodantas Ground Coffee,227g,£4.00,£1.77/100g,,Dietary & Lifestyle
005413,Ben & Jerry's Choc Fudge Brownie Ice Cream,G,true,2620,https://ecom-su-static-prod.wtrecom.com/images/products/3/LN_005413_BP_3.jpg,https://www.waitrose.com/ecom/products/ben-jerrys-choc-fudge-brownie-ice-cream/005413-2343-2344,Ben & Jerry's Choc Fudge Brownie Ice Cream,465ml,£3.75,80.6p/100ml,Save £1.75. Was £5.50,Dietary & Lifestyle
551256,Kiddylicious Strawberry Wriggles,G,true,2621,https://ecom-su-static-prod.wtrecom.com/images/products/3/LN_551256_BP_3.jpg,https://www.waitrose.com/ecom/products/kiddylicious-strawberry-wriggles/551256-136363-136364,Kiddylicious Strawberry Wriggles,12g,60p,£5/100g,save 35p. Was 95p,Dietary & Lifestyle
775245,Booja-Booja The Signature Collection,G,false,2622,https://ecom-su-static-prod.wtrecom.com/images/products/3/LN_775245_BP_3.jpg,https://www.waitrose.com/ecom/products/booja-booja-the-signature-collection/775245-791197-791198,Booja-Booja The Signature Collection,184g,£12.95,£7.04/100g,,Dietary & Lifestyle
759016,Waitrose Plant Living Plant & Vegetable Mince,G,false,2623,https://ecom-su-static-prod.wtrecom.com/images/products/3/LN_759016_BP_3.jpg,https://www.waitrose.com/ecom/products/waitrose-plant-living-plant-vegetable-mince/759016-825213-825214,Waitrose Plant Living Plant & Vegetable Mince,250g,£2.60,£1.04/100g,,Dietary & Lifestyle
770960,Graze Punchy Protein Nuts,G,true,2624,https://ecom-su-static-prod.wtrecom.com/images/products/3/LN_770960_BP_3.jpg,https://www.waitrose.com/ecom/products/graze-punchy-protein-nuts/770960-459900-459901,Graze Punchy Protein Nuts,38g,£1.25,£3.29/100g,"£5 Food to Go Meal Deal: Add 1 Main, 1 Snack and 1 Drink",Dietary & Lifestyle
048555,Waitrose Pinto Beans,G,false,2625,https://ecom-su-static-prod.wtrecom.com/images/products/3/LN_048555_BP_3.jpg,https://www.waitrose.com/ecom/products/waitrose-pinto-beans/048555-24122-24123,Waitrose Pinto Beans,500g,£1.95,£3.90/kg,,Dietary & Lifestyle
877849,Fibre One Triple Choc Cake Bars,G,false,2626,https://ecom-su-static-prod.wtrecom.com/images/products/3/LN_877849_BP_3.jpg,https://www.waitrose.com/ecom/products/fibre-one-triple-choc-cake-bars/877849-684471-684472,Fibre One Triple Choc Cake Bars,4x25g,£1.70,£1.70/100g,,Dietary & Lifestyle
464012,Cooks' Ingredients Chilli Plant,G,false,2627,https://ecom-su-static-prod.wtrecom.com/images/products/3/LN_464012_BP_3.jpg,https://www.waitrose.com/ecom/products/cooks-ingredients-chilli-plant/464012-204735-204736,Cooks' Ingredients Chilli Plant,Each,£3.60,£3.60 each,,Dietary & Lifestyle
394875,Teapigs Super Fruit Tea 15 Tea Temples,G,false,2628,https://ecom-su-static-prod.wtrecom.com/images/products/3/LN_394875_BP_3.jpg,https://www.waitrose.com/ecom/products/teapigs-super-fruit-tea-15-tea-temples/394875-55499-55500,Teapigs Super Fruit Tea 15 Tea Temples,37.5g,£4.75,£12.67/100g,,Dietary & Lifestyle
504100,Altano Organic Douro,W,true,2629,https://ecom-su-static-prod.wtrecom.com/images/products/3/LN_504100_BP_3.jpg,https://www.waitrose.com/ecom/products/altano-organic-douro/504100-141146-141147,Altano Organic Douro,75cl,£9.99,£9.99/75cl,save £3.00. Was £12.99,Dietary & Lifestyle
064410,Graham's Late-Bottled Vintage Port,W,false,2630,https://ecom-su-static-prod.wtrecom.com/images/products/3/LN_064410_BP_3.jpg,https://www.waitrose.com/ecom/products/grahams-late-bottled-vintage-port/064410-32688-32689,Graham's Late-Bottled Vintage Port,75cl,£18.99,£18.99/75cl,,Dietary & Lifestyle
521393,Freee Organic Gluten Free Porridge Oats,G,false,2631,https://ecom-su-static-prod.wtrecom.com/images/products/3/LN_521393_BP_3.jpg,https://www.waitrose.com/ecom/products/freee-organic-gluten-free-porridge-oats/521393-721999-722000,Freee Organic Gluten Free Porridge Oats,430g,£3.00,69.8p/100g,,Dietary & Lifestyle
627757,Twinings Superblends Detox Tea Bags 20,G,false,2632,https://ecom-su-static-prod.wtrecom.com/images/products/3/LN_627757_BP_3.jpg,https://www.waitrose.com/ecom/products/twinings-superblends-detox-tea-bags-20/627757-693000-693001,Twinings Superblends Detox Tea Bags 20,40g,£3.70,£9.25/100g,,Dietary & Lifestyle
866671,Kiddylicious Raspberry Tiddlers,G,true,2633,https://ecom-su-static-prod.wtrecom.com/images/products/3/LN_866671_BP_3.jpg,https://www.waitrose.com/ecom/products/kiddylicious-raspberry-tiddlers/866671-744121-744122,Kiddylicious Raspberry Tiddlers,12g,60p,£5/100g,save 35p. Was 95p,Dietary & Lifestyle
578171,Clipper Organic Fairtrade Green & Lemon Tea Bags 80s,G,false,2634,https://ecom-su-static-prod.wtrecom.com/images/products/3/LN_578171_BP_3.jpg,https://www.waitrose.com/ecom/products/clipper-organic-fairtrade-green-lemon-tea-bags-80s/578171-600670-600671,Clipper Organic Fairtrade Green & Lemon Tea Bags 80s,160g,£4.49,£2.81/100g,,Dietary & Lifestyle
895120,Crosta & Mollica Fiorelli Pasta,G,false,2635,https://ecom-su-static-prod.wtrecom.com/images/products/3/LN_895120_BP_3.jpg,https://www.waitrose.com/ecom/products/crosta-mollica-fiorelli-pasta/895120-785300-785301,Crosta & Mollica Fiorelli Pasta,500g,£3.00,£6/kg,,Dietary & Lifestyle
851394,Gran Luchito Chilli Chipotle Paste,G,true,2636,https://ecom-su-static-prod.wtrecom.com/images/products/3/LN_851394_BP_3.jpg,https://www.waitrose.com/ecom/products/gran-luchito-chilli-chipotle-paste/851394-600966-600967,Gran Luchito Chilli Chipotle Paste,100g,£3.15,£3.15/100g,20% Off. Was £3.95,Dietary & Lifestyle
821942,Pure Via Stevia Leaf Sweet Granules,G,false,2637,https://ecom-su-static-prod.wtrecom.com/images/products/3/LN_821942_BP_3.jpg,https://www.waitrose.com/ecom/products/pure-via-stevia-leaf-sweet-granules/821942-593919-593920,Pure Via Stevia Leaf Sweet Granules,250g,£4.85,£1.94/100g,,Dietary & Lifestyle
760359,Waitrose Plant Living Organic Marinated Tofu,G,false,2638,https://ecom-su-static-prod.wtrecom.com/images/products/3/LN_760359_BP_3.jpg,https://www.waitrose.com/ecom/products/waitrose-plant-living-organic-marinated-tofu/760359-825217-825218,Waitrose Plant Living Organic Marinated Tofu,300g,£2.80,93.3p/100g,,Dietary & Lifestyle
744214,Heinz Tomato & Chilli Pasta Sauce,G,true,2639,https://ecom-su-static-prod.wtrecom.com/images/products/3/LN_744214_BP_3.jpg,https://www.waitrose.com/ecom/products/heinz-tomato-chilli-pasta-sauce/744214-802610-802611,Heinz Tomato & Chilli Pasta Sauce,350g,£1.50,42.9p/100g,save £1.00. Was £2.50,Dietary & Lifestyle
587284,Nishaan 4 Plain Parathas,G,false,2640,https://ecom-su-static-prod.wtrecom.com/images/products/3/LN_587284_BP_3.jpg,https://www.waitrose.com/ecom/products/nishaan-4-plain-parathas/587284-83243-83244,Nishaan 4 Plain Parathas,380g,£1.40,36.8p/100g,,Dietary & Lifestyle
452604,Waitrose Cacio e Pepe Tortelloni,G,false,2641,https://ecom-su-static-prod.wtrecom.com/images/products/3/LN_452604_BP_3.jpg,https://www.waitrose.com/ecom/products/waitrose-cacio-e-pepe-tortelloni/452604-793216-793217,Waitrose Cacio e Pepe Tortelloni,250g,£3.60,£14.40/kg,,Dietary & Lifestyle
488556,Waitrose Swiss Style Berry Muesli,G,false,2642,https://ecom-su-static-prod.wtrecom.com/images/products/3/LN_488556_BP_3.jpg,https://www.waitrose.com/ecom/products/waitrose-swiss-style-berry-muesli/488556-136313-136314,Waitrose Swiss Style Berry Muesli,750g,£3.50,46.7p/100g,,Dietary & Lifestyle
895666,Deliciously Ella Lightly Salted Cracker Thins,G,true,2643,https://ecom-su-static-prod.wtrecom.com/images/products/3/LN_895666_BP_3.jpg,https://www.waitrose.com/ecom/products/deliciously-ella-lightly-salted-cracker-thins/895666-819426-819427,Deliciously Ella Lightly Salted Cracker Thins,100g,£2.00,£2/100g,save 50p. Was £2.50,Dietary & Lifestyle
735954,Waitrose Multivitamins & Iron,G,false,2644,https://ecom-su-static-prod.wtrecom.com/images/products/3/LN_735954_BP_3.jpg,https://www.waitrose.com/ecom/products/waitrose-multivitamins-iron/735954-461942-461943,Waitrose Multivitamins & Iron,90s,£4.00,4.4p each,,Dietary & Lifestyle
711310,Bio & Me Super Berry Granola,G,false,2645,https://ecom-su-static-prod.wtrecom.com/images/products/3/LN_711310_BP_3.jpg,https://www.waitrose.com/ecom/products/bio-me-super-berry-granola/711310-790511-790512,Bio & Me Super Berry Granola,360g,£4.15,£1.16/100g,,Dietary & Lifestyle
658971,Citizens of Soil Extra Virgin Olive Oil Refill,G,false,2646,https://ecom-su-static-prod.wtrecom.com/images/products/3/LN_658971_BP_3.jpg,https://www.waitrose.com/ecom/products/citizens-of-soil-extra-virgin-olive-oil-refill/658971-805797-805798,Citizens of Soil Extra Virgin Olive Oil Refill,500ml,£17.00,£3.40/100ml,,Dietary & Lifestyle
455523,La Fauxmagerie Brixton Blue Vegan Cheese,G,false,2647,https://ecom-su-static-prod.wtrecom.com/images/products/3/LN_455523_BP_3.jpg,https://www.waitrose.com/ecom/products/la-fauxmagerie-brixton-blue-vegan-cheese/455523-780037-780038,La Fauxmagerie Brixton Blue Vegan Cheese,100g,£5.50,£55/kg,,Dietary & Lifestyle
813651,Heinz Weight Watchers Chicken Soup,G,true,2648,https://ecom-su-static-prod.wtrecom.com/images/products/3/LN_813651_BP_3.jpg,https://www.waitrose.com/ecom/products/heinz-weight-watchers-chicken-soup/813651-727713-727714,Heinz Weight Watchers Chicken Soup,295g,£1.30,44.1p/100g,Add 3 for £3.50,Dietary & Lifestyle
768789,Gordon Rhodes Gluten Free Sage & Onion Stuffing,G,false,2649,https://ecom-su-static-prod.wtrecom.com/images/products/3/LN_768789_BP_3.jpg,https://www.waitrose.com/ecom/products/gordon-rhodes-gluten-free-sage-onion-stuffing/768789-450648-450649,Gordon Rhodes Gluten Free Sage & Onion Stuffing,125g,£2.95,£23.60/kg,,Dietary & Lifestyle
661626,Eat Natural Energy Peanut Almond Cocoa Bars,G,true,2650,https://ecom-su-static-prod.wtrecom.com/images/products/3/LN_661626_BP_3.jpg,https://www.waitrose.com/ecom/products/eat-natural-energy-peanut-almond-cocoa-bars/661626-806685-806686,Eat Natural Energy Peanut Almond Cocoa Bars,3x40g,£2.00,£1.67/100g,Save 75p. Was £2.75,Dietary & Lifestyle
449454,Quorn Fillet Pieces,G,false,2651,https://ecom-su-static-prod.wtrecom.com/images/products/3/LN_449454_BP_3.jpg,https://www.waitrose.com/ecom/products/quorn-fillet-pieces/449454-816310-816311,Quorn Fillet Pieces,175g,£2.60,£14.86/kg,,Dietary & Lifestyle
085696,Filippo Berio Olive Oil Extra Virgin,G,false,2652,https://ecom-su-static-prod.wtrecom.com/images/products/3/LN_085696_BP_3.jpg,https://www.waitrose.com/ecom/products/filippo-berio-olive-oil-extra-virgin/085696-43717-43718,Filippo Berio Olive Oil Extra Virgin,1.5litre,£22.65,£1.51/100ml,,Dietary & Lifestyle
533515,Teapigs Darjeeling Earl Grey 15 Tea Temples,G,false,2653,https://ecom-su-static-prod.wtrecom.com/images/products/3/LN_533515_BP_3.jpg,https://www.waitrose.com/ecom/products/teapigs-darjeeling-earl-grey-15-tea-temples/533515-75433-75434,Teapigs Darjeeling Earl Grey 15 Tea Temples,37.5g,£4.75,£12.67/100g,,Dietary & Lifestyle
873082,Mr Organic Spicy Mixed Bean Soup,G,false,2654,https://ecom-su-static-prod.wtrecom.com/images/products/3/LN_873082_BP_3.jpg,https://www.waitrose.com/ecom/products/mr-organic-spicy-mixed-bean-soup/873082-800840-800841,Mr Organic Spicy Mixed Bean Soup,400g,£1.95,48.8p/100g,,Dietary & Lifestyle
008627,Waitrose Dark Brown Muscovado Sugar,G,false,2655,https://ecom-su-static-prod.wtrecom.com/images/products/3/LN_008627_BP_3.jpg,https://www.waitrose.com/ecom/products/waitrose-dark-brown-muscovado-sugar/008627-581109-4114,Waitrose Dark Brown Muscovado Sugar,1kg,£3.50,£3.50/kg,,Dietary & Lifestyle
887872,Twinings Superblends Glow Green Tea Bags 20,G,false,2656,https://ecom-su-static-prod.wtrecom.com/images/products/3/LN_887872_BP_3.jpg,https://www.waitrose.com/ecom/products/twinings-superblends-glow-green-tea-bags-20/887872-648326-648327,Twinings Superblends Glow Green Tea Bags 20,40g,£3.70,£9.25/100g,,Dietary & Lifestyle
027610,Waitrose Assam 50 Tea Bags,G,false,2657,https://ecom-su-static-prod.wtrecom.com/images/products/3/LN_027610_BP_3.jpg,https://www.waitrose.com/ecom/products/waitrose-assam-50-tea-bags/027610-13443-13444,Waitrose Assam 50 Tea Bags,125g,£1.95,£1.56/100g,,Dietary & Lifestyle
504261,BFree Gluten Free Multigrain Wraps,G,false,2658,https://ecom-su-static-prod.wtrecom.com/images/products/3/LN_504261_BP_3.jpg,https://www.waitrose.com/ecom/products/bfree-gluten-free-multigrain-wraps/504261-721965-721966,BFree Gluten Free Multigrain Wraps,252g,£3.75,£1.49/100g,,Dietary & Lifestyle
085537,Duchy Organic Cauliflower,G,false,2659,https://ecom-su-static-prod.wtrecom.com/images/products/3/LN_085537_BP_3.jpg,https://www.waitrose.com/ecom/products/duchy-organic-cauliflower/085537-43626-43627,Duchy Organic Cauliflower,Each,£2.30,£2.30 each,,Dietary & Lifestyle
539476,Wellwoman 70+ Tablets,G,true,2660,https://ecom-su-static-prod.wtrecom.com/images/products/3/LN_539476_BP_3.jpg,https://www.waitrose.com/ecom/products/wellwoman-70-tablets/539476-383544-383545,Wellwoman 70+ Tablets,30s,£6.66,22.2p each,Save 1/3. Was £10.00,Dietary & Lifestyle
472518,Waitrose Assorted Squash,G,false,2661,https://ecom-su-static-prod.wtrecom.com/images/products/3/LN_472518_BP_3.jpg,https://www.waitrose.com/ecom/products/waitrose-assorted-squash/472518-66640-66641,Waitrose Assorted Squash,Typical weight 0.8kg,£1.59 each est.,£2.00/kg,,Dietary & Lifestyle
766729,Waitrose Indian Chicken Dopiaza for 2,G,false,2662,https://ecom-su-static-prod.wtrecom.com/images/products/3/LN_766729_BP_3.jpg,https://www.waitrose.com/ecom/products/waitrose-indian-chicken-dopiaza-for-2/766729-672061-672062,Waitrose Indian Chicken Dopiaza for 2,350g,£4.95,£14.15/kg,,Dietary & Lifestyle
464310,Fulfil Chocolate Peanut Butter Bar,G,true,2663,https://ecom-su-static-prod.wtrecom.com/images/products/3/LN_464310_BP_3.jpg,https://www.waitrose.com/ecom/products/fulfil-chocolate-peanut-butter-bar/464310-801772-801773,Fulfil Chocolate Peanut Butter Bar,40g,£2.45,£6.13/100g,"£5 Food to Go Meal Deal: Add 1 Main, 1 Snack and 1 Drink",Dietary & Lifestyle
578991,Waitrose Plant Living No Chicken Kyiv,G,false,2664,https://ecom-su-static-prod.wtrecom.com/images/products/3/LN_578991_BP_3.jpg,https://www.waitrose.com/ecom/products/waitrose-plant-living-no-chicken-kyiv/578991-825099-825100,Waitrose Plant Living No Chicken Kyiv,250g,£3.40,£1.36/100g,,Dietary & Lifestyle
884988,Light & Free Strawberry Greek Style Yogurts,G,false,2665,https://ecom-su-static-prod.wtrecom.com/images/products/3/LN_884988_BP_3.jpg,https://www.waitrose.com/ecom/products/light-free-strawberry-greek-style-yogurts/884988-498339-498340,Light & Free Strawberry Greek Style Yogurts,4x115g,£2.90,63p/100g,,Dietary & Lifestyle
829505,Ella's Kitchen Beef Stew with Spuds,G,false,2666,https://ecom-su-static-prod.wtrecom.com/images/products/3/LN_829505_BP_3.jpg,https://www.waitrose.com/ecom/products/ellas-kitchen-beef-stew-with-spuds/829505-229479-229480,Ella's Kitchen Beef Stew with Spuds,190g,£2.20,£1.16/100g,,Dietary & Lifestyle
837490,Higgidy Cheddar & Sweet Chilli Dinky Rolls,G,true,2667,https://ecom-su-static-prod.wtrecom.com/images/products/3/LN_837490_BP_3.jpg,https://www.waitrose.com/ecom/products/higgidy-cheddar-sweet-chilli-dinky-rolls/837490-712837-712838,Higgidy Cheddar & Sweet Chilli Dinky Rolls,170g,£3.00,£1.77/100g,save £1.00. Was £4.00,Dietary & Lifestyle
834583,Crosta & Mollica Parmigiana,G,false,2668,https://ecom-su-static-prod.wtrecom.com/images/products/3/LN_834583_BP_3.jpg,https://www.waitrose.com/ecom/products/crosta-mollica-parmigiana/834583-805689-805690,Crosta & Mollica Parmigiana,400g,£5.00,£12.50/kg,,Dietary & Lifestyle
597188,Plants By Deliciously Ella Sweet Red Pepper Pasta Sauce,G,true,2669,https://ecom-su-static-prod.wtrecom.com/images/products/3/LN_597188_BP_3.jpg,https://www.waitrose.com/ecom/products/plants-by-deliciously-ella-sweet-red-pepper-pasta-sauce/597188-802572-802573,Plants By Deliciously Ella Sweet Red Pepper Pasta Sauce,180g,£2.40,£1.34/100g,20% Off. Was £3.00,Dietary & Lifestyle
821683,Kabuto Noodles Katsu Curry,G,true,2670,https://ecom-su-static-prod.wtrecom.com/images/products/3/LN_821683_BP_3.jpg,https://www.waitrose.com/ecom/products/kabuto-noodles-katsu-curry/821683-781167-781168,Kabuto Noodles Katsu Curry,65g,£1.30,£2/100g,save 45p. Was £1.75,Dietary & Lifestyle
430339,Little Soap Co. Pure Lavender Soap Bar,G,false,2671,https://ecom-su-static-prod.wtrecom.com/images/products/3/LN_430339_BP_3.jpg,https://www.waitrose.com/ecom/products/little-soap-co-pure-lavender-soap-bar/430339-453135-453136,Little Soap Co. Pure Lavender Soap Bar,110g,£4.00,£3.64/100g,,Dietary & Lifestyle
512036,Kellogg's Crunchy Nut Fruit & Nut Granola Breakfast Cereal,G,false,2672,https://ecom-su-static-prod.wtrecom.com/images/products/3/LN_512036_BP_3.jpg,https://www.waitrose.com/ecom/products/kelloggs-crunchy-nut-fruit-nut-granola-breakfast-cereal/512036-722830-722831,Kellogg's Crunchy Nut Fruit & Nut Granola Breakfast Cereal,380g,£3.45,90.8p/100g,,Dietary & Lifestyle
725480,Waitrose Gluten Free Belgian Chocolate Cake,G,false,2673,https://ecom-su-static-prod.wtrecom.com/images/products/3/LN_725480_BP_3.jpg,https://www.waitrose.com/ecom/products/waitrose-gluten-free-belgian-chocolate-cake/725480-812513-812514,Waitrose Gluten Free Belgian Chocolate Cake,each,£3.95,,,Dietary & Lifestyle
856210,Thomson & Scott Noughty Rouge Dealcoholized Wine,G,false,2674,https://ecom-su-static-prod.wtrecom.com/images/products/3/LN_856210_BP_3.jpg,https://www.waitrose.com/ecom/products/thomson-scott-noughty-rouge-dealcoholized-wine/856210-793630-793631,Thomson & Scott Noughty Rouge Dealcoholized Wine,75cl,£9.95,£9.95/75cl,,Dietary & Lifestyle
865972,Ben & Jerry's Tony's LoveA-Fair Chocolate Caramel Ice Cream Tub,G,true,2675,https://ecom-su-static-prod.wtrecom.com/images/products/3/LN_865972_BP_3.jpg,https://www.waitrose.com/ecom/products/ben-jerrys-tonys-lovea-fair-chocolate-caramel-ice-cream-tub/865972-785848-785849,Ben & Jerry's Tony's LoveA-Fair Chocolate Caramel Ice Cream Tub,465ml,£3.75,80.6p/100ml,Save £2.05. Was £5.80,Dietary & Lifestyle
645845,Sacla' Vegan Tomato Pesto,G,false,2676,https://ecom-su-static-prod.wtrecom.com/images/products/3/LN_645845_BP_3.jpg,https://www.waitrose.com/ecom/products/sacla-vegan-tomato-pesto/645845-450546-450547,Sacla' Vegan Tomato Pesto,190g,£3.35,£1.77/100g,,Dietary & Lifestyle
845195,Eat Natural Hazelnut Peanut Bars,G,true,2677,https://ecom-su-static-prod.wtrecom.com/images/products/3/LN_845195_BP_3.jpg,https://www.waitrose.com/ecom/products/eat-natural-hazelnut-peanut-bars/845195-806702-806703,Eat Natural Hazelnut Peanut Bars,3x40g,£2.00,£1.67/100g,Save 75p. Was £2.75,Dietary & Lifestyle
558844,Ella's Kitchen Spag Bol,G,false,2678,https://ecom-su-static-prod.wtrecom.com/images/products/3/LN_558844_BP_3.jpg,https://www.waitrose.com/ecom/products/ellas-kitchen-spag-bol/558844-136375-136376,Ella's Kitchen Spag Bol,190g,£2.20,£1.16/100g,,Dietary & Lifestyle
652759,"Innocent Recharge, Mandarin & Carrot High Vitamin Fruit Super Smoothie",G,true,2679,https://ecom-su-static-prod.wtrecom.com/images/products/3/LN_652759_BP_3.jpg,https://www.waitrose.com/ecom/products/innocent-recharge-mandarin-carrot-high-vitamin-fruit-super-smoothie/652759-722217-722218,"Innocent Recharge, Mandarin & Carrot High Vitamin Fruit Super Smoothie",300ml,£2.65,88.3p/100ml,"£5 Food to Go Meal Deal: Add 1 Main, 1 Snack and 1 Drink",Dietary & Lifestyle
820657,Genius Gluten Free Tiger Bloomer,G,false,2680,https://ecom-su-static-prod.wtrecom.com/images/products/3/LN_820657_BP_3.jpg,https://www.waitrose.com/ecom/products/genius-gluten-free-tiger-bloomer/820657-798782-798783,Genius Gluten Free Tiger Bloomer,400g,£3.45,86.3p/100g,,Dietary & Lifestyle
806430,Squeaky Bean Chargrilled Steak Style Strips,G,false,2681,https://ecom-su-static-prod.wtrecom.com/images/products/3/LN_806430_BP_3.jpg,https://www.waitrose.com/ecom/products/squeaky-bean-chargrilled-steak-style-strips/806430-794598-794599,Squeaky Bean Chargrilled Steak Style Strips,120g,£3.40,£2.84/100g,,Dietary & Lifestyle
562092,Itsu Sea Salt Crispy Seaweed Thins,G,true,2682,https://ecom-su-static-prod.wtrecom.com/images/products/3/LN_562092_BP_3.jpg,https://www.waitrose.com/ecom/products/itsu-sea-salt-crispy-seaweed-thins/562092-211986-211987,Itsu Sea Salt Crispy Seaweed Thins,5g,£1.00,£20/100g,"£5 Food to Go Meal Deal: Add 1 Main, 1 Snack and 1 Drink",Dietary & Lifestyle
073037,Waitrose Perfectly Ripe Amber Blush Peaches,G,false,2683,https://ecom-su-static-prod.wtrecom.com/images/products/3/LN_073037_BP_3.jpg,https://www.waitrose.com/ecom/products/waitrose-perfectly-ripe-amber-blush-peaches/073037-37070-37071,Waitrose Perfectly Ripe Amber Blush Peaches,4s,£3.99,99.8p each,,Dietary & Lifestyle
638473,Waitrose Espresso Coffee Capsules Decaf 10s,G,false,2684,https://ecom-su-static-prod.wtrecom.com/images/products/3/LN_638473_BP_3.jpg,https://www.waitrose.com/ecom/products/waitrose-espresso-coffee-capsules-decaf-10s/638473-753008-753009,Waitrose Espresso Coffee Capsules Decaf 10s,50g,£2.65,£5.30/100g,,Dietary & Lifestyle
661134,Genius Gluten Free Pancakes,G,false,2685,https://ecom-su-static-prod.wtrecom.com/images/products/3/LN_661134_BP_3.jpg,https://www.waitrose.com/ecom/products/genius-gluten-free-pancakes/661134-450560-450561,Genius Gluten Free Pancakes,6s,£2.50,41.7p each,,Dietary & Lifestyle
595237,No.1 Dark Chocolate Truffles,G,true,2686,https://ecom-su-static-prod.wtrecom.com/images/products/3/LN_595237_BP_3.jpg,https://www.waitrose.com/ecom/products/no1-dark-chocolate-truffles/595237-731611-731612,No.1 Dark Chocolate Truffles,125g,£5.20,£4.16/100g,20% Off. Was £6.50,Dietary & Lifestyle
402141,The Tofoo Co. Pepperoni Seitan,G,false,2687,https://ecom-su-static-prod.wtrecom.com/images/products/3/LN_402141_BP_3.jpg,https://www.waitrose.com/ecom/products/the-tofoo-co-pepperoni-seitan/402141-825013-825014,The Tofoo Co. Pepperoni Seitan,225g,£2.50,£1.12/100g,,Dietary & Lifestyle
720061,Duchy Organic Beetroot Relish,G,false,2688,https://ecom-su-static-prod.wtrecom.com/images/products/3/LN_720061_BP_3.jpg,https://www.waitrose.com/ecom/products/duchy-organic-beetroot-relish/720061-102339-102340,Duchy Organic Beetroot Relish,310g,£3.95,£1.28/100g,,Dietary & Lifestyle
877830,No.1 Papua New Guinea Ground Coffee,G,false,2689,https://ecom-su-static-prod.wtrecom.com/images/products/3/LN_877830_BP_3.jpg,https://www.waitrose.com/ecom/products/no1-papua-new-guinea-ground-coffee/877830-711938-711939,No.1 Papua New Guinea Ground Coffee,227g,£4.00,£1.77/100g,,Dietary & Lifestyle
593183,PlantLiving: Vegan Chocolate Celebration Cake,G,false,2690,https://ecom-su-static-prod.wtrecom.com/images/products/3/LN_593183_BP_3.jpg,https://www.waitrose.com/ecom/products/plantliving-vegan-chocolate-celebration-cake/593183-769116-769117,PlantLiving: Vegan Chocolate Celebration Cake,each,£10.00,£10 each,,Dietary & Lifestyle
865999,Waitrose Dark Rye Flour,G,false,2691,https://ecom-su-static-prod.wtrecom.com/images/products/3/LN_865999_BP_3.jpg,https://www.waitrose.com/ecom/products/waitrose-dark-rye-flour/865999-261024-261025,Waitrose Dark Rye Flour,1kg,£1.80,£1.80/kg,,Dietary & Lifestyle
006742,Essential Currants,G,false,2692,https://ecom-su-static-prod.wtrecom.com/images/products/3/LN_006742_BP_3.jpg,https://www.waitrose.com/ecom/products/essential-currants/006742-3007-3008,Essential Currants,1kg,£3.85,£3.85/kg,,Dietary & Lifestyle
873046,Baylis & Harding Rose Hand Wash,G,false,2693,https://ecom-su-static-prod.wtrecom.com/images/products/3/LN_873046_BP_3.jpg,https://www.waitrose.com/ecom/products/baylis-harding-rose-hand-wash/873046-724192-724193,Baylis & Harding Rose Hand Wash,500ml,£4.20,84p/100ml,,Dietary & Lifestyle
844840,TRIBE Protein Flapjacks Choc Peanut,G,false,2694,https://ecom-su-static-prod.wtrecom.com/images/products/3/LN_844840_BP_3.jpg,https://www.waitrose.com/ecom/products/tribe-protein-flapjacks-choc-peanut/844840-808110-808111,TRIBE Protein Flapjacks Choc Peanut,3x38g,£3.30,£2.90/100g,,Dietary & Lifestyle
673326,Tony's Chocolonely Littl' Bits Caramel Biscuit Mix,G,false,2695,https://ecom-su-static-prod.wtrecom.com/images/products/3/LN_673326_BP_3.jpg,https://www.waitrose.com/ecom/products/tonys-chocolonely-littl-bits-caramel-biscuit-mix/673326-810078-810079,Tony's Chocolonely Littl' Bits Caramel Biscuit Mix,100g,£2.50,£2.50/100g,,Dietary & Lifestyle
566186,Innocent Plus Wonder Green Apple & Pear High Vitamin Fruit Juice Large,G,true,2696,https://ecom-su-static-prod.wtrecom.com/images/products/3/LN_566186_BP_3.jpg,https://www.waitrose.com/ecom/products/innocent-plus-wonder-green-apple-pear-high-vitamin-fruit-juice-large/566186-693442-693443,Innocent Plus Wonder Green Apple & Pear High Vitamin Fruit Juice Large,750ml,£2.00,26.7p/100ml,Half Price. Was £4.00,Dietary & Lifestyle
823494,Divine FT 70% Dark Choc with Ginger & Orange,G,false,2697,https://ecom-su-static-prod.wtrecom.com/images/products/3/LN_823494_BP_3.jpg,https://www.waitrose.com/ecom/products/divine-ft-70-dark-choc-with-ginger-orange/823494-202471-202472,Divine FT 70% Dark Choc with Ginger & Orange,90g,£2.80,£3.12/100g,,Dietary & Lifestyle
536116,Twinings Superblends Selection Pack 20,G,false,2698,https://ecom-su-static-prod.wtrecom.com/images/products/3/LN_536116_BP_3.jpg,https://www.waitrose.com/ecom/products/twinings-superblends-selection-pack-20/536116-762355-762355,Twinings Superblends Selection Pack 20,37g,£3.70,£10/100g,,Dietary & Lifestyle
615099,Twinings Superblends Metabolism Green Tea Bags 20,G,false,2699,https://ecom-su-static-prod.wtrecom.com/images/products/3/LN_615099_BP_3.jpg,https://www.waitrose.com/ecom/products/twinings-superblends-metabolism-green-tea-bags-20/615099-776738-776739,Twinings Superblends Metabolism Green Tea Bags 20,40g,£3.70,£9.25/100g,,Dietary & Lifestyle
609228,Waitrose Multi Vitamins Orange,G,false,2700,https://ecom-su-static-prod.wtrecom.com/images/products/3/LN_609228_BP_3.jpg,https://www.waitrose.com/ecom/products/waitrose-multi-vitamins-orange/609228-763890-763891,Waitrose Multi Vitamins Orange,20Each,£2.10,10.5p each,,Dietary & Lifestyle
760612,Kit & Kin Eco Nappies Size 5,G,false,2701,https://ecom-su-static-prod.wtrecom.com/images/products/3/LN_760612_BP_3.jpg,https://www.waitrose.com/ecom/products/kit-kin-eco-nappies-size-5/760612-743955-743956,Kit & Kin Eco Nappies Size 5,28s,£8.00,28.6p each,,Dietary & Lifestyle
704246,Quorn Roast,G,false,2702,https://ecom-su-static-prod.wtrecom.com/images/products/3/LN_704246_BP_3.jpg,https://www.waitrose.com/ecom/products/quorn-roast/704246-794958-794959,Quorn Roast,454g,£3.95,87p/100g,,Dietary & Lifestyle
082611,Clearspring Organic Miso Soup with Sea Vegetables,G,false,2703,https://ecom-su-static-prod.wtrecom.com/images/products/3/LN_082611_BP_3.jpg,https://www.waitrose.com/ecom/products/clearspring-organic-miso-soup-with-sea-vegetables/082611-42023-42024,Clearspring Organic Miso Soup with Sea Vegetables,4x10g,£3.45,£8.63/100g,,Dietary & Lifestyle
530589,Ben & Jerry's Peanut Butter Cup Ice Cream Tub,G,true,2704,https://ecom-su-static-prod.wtrecom.com/images/products/3/LN_530589_BP_3.jpg,https://www.waitrose.com/ecom/products/ben-jerrys-peanut-butter-cup-ice-cream-tub/530589-304776-304777,Ben & Jerry's Peanut Butter Cup Ice Cream Tub,465ml,£3.75,80.6p/100ml,Save £1.75. Was £5.50,Dietary & Lifestyle
517739,Plants By Deliciously Ella Frozen Morrocan-Style Chickpea Tagine for 1,G,false,2705,https://ecom-su-static-prod.wtrecom.com/images/products/3/LN_517739_BP_3.jpg,https://www.waitrose.com/ecom/products/plants-by-deliciously-ella-frozen-morrocan-style-chickpea-tagine-for-1/517739-807585-807586,Plants By Deliciously Ella Frozen Morrocan-Style Chickpea Tagine for 1,300g,£3.75,£1.25/100g,,Dietary & Lifestyle
751814,Encore Cat Chicken Broth Selection Pouches,G,false,2706,https://ecom-su-static-prod.wtrecom.com/images/products/3/LN_751814_BP_3.jpg,https://www.waitrose.com/ecom/products/encore-cat-chicken-broth-selection-pouches/751814-750723-750723,Encore Cat Chicken Broth Selection Pouches,5x50g,£4.95,£19.80/kg,,Dietary & Lifestyle
463752,Ben & Jerry's Cookie & Brownie Mini Ice Cream Tubs,G,false,2707,https://ecom-su-static-prod.wtrecom.com/images/products/3/LN_463752_BP_3.jpg,https://www.waitrose.com/ecom/products/ben-jerrys-cookie-brownie-mini-ice-cream-tubs/463752-806662-806662,Ben & Jerry's Cookie & Brownie Mini Ice Cream Tubs,4x100ml,£5.60,£1.40/100ml,,Dietary & Lifestyle
653246,PlantLiving: Frozen Mushroom Wellington with Seeded Stuffing,G,false,2708,https://ecom-su-static-prod.wtrecom.com/images/products/3/LN_653246_BP_3.jpg,https://www.waitrose.com/ecom/products/plantliving-frozen-mushroom-wellington-with-seeded-stuffing/653246-762440-762441,PlantLiving: Frozen Mushroom Wellington with Seeded Stuffing,450g,£5.25,£11.67/kg,,Dietary & Lifestyle
699796,Bulldog Original Shower Gel,G,true,2709,https://ecom-su-static-prod.wtrecom.com/images/products/3/LN_699796_BP_3.jpg,https://www.waitrose.com/ecom/products/bulldog-original-shower-gel/699796-705376-705377,Bulldog Original Shower Gel,500ml,£3.50,70p/100ml,Save 1/3. Was £5.25,Dietary & Lifestyle
996159,Quorn Sweet Chilli Mini Fillets,G,false,2710,https://ecom-su-static-prod.wtrecom.com/images/products/3/LN_996159_BP_3.jpg,https://www.waitrose.com/ecom/products/quorn-sweet-chilli-mini-fillets/996159-825399-825400,Quorn Sweet Chilli Mini Fillets,138g,£3.10,£2.25/100g,,Dietary & Lifestyle
945387,Deliciously Ella Blackberry & Pecan Deluxe Granola,G,false,2711,https://ecom-su-static-prod.wtrecom.com/images/products/3/LN_945387_BP_3.jpg,https://www.waitrose.com/ecom/products/deliciously-ella-blackberry-pecan-deluxe-granola/945387-826812-826813,Deliciously Ella Blackberry & Pecan Deluxe Granola,380g,£4.50,£1.19/100g,,Dietary & Lifestyle
899986,Faith In Nature Shea & Argan Conditioner 400ml,G,false,2712,https://ecom-su-static-prod.wtrecom.com/images/products/3/LN_899986_BP_3.jpg,https://www.waitrose.com/ecom/products/faith-in-nature-shea-argan-conditioner-400ml/899986-809324-809325,Faith In Nature Shea & Argan Conditioner 400ml,400ml,£8.00,£2/100ml,,Dietary & Lifestyle
899217,Clipper Organic Mint & Fennel After Dinner Herbal Tea Bags 20s,G,true,2713,https://ecom-su-static-prod.wtrecom.com/images/products/3/LN_899217_BP_3.jpg,https://www.waitrose.com/ecom/products/clipper-organic-mint-fennel-after-dinner-herbal-tea-bags-20s/899217-756488-756489,Clipper Organic Mint & Fennel After Dinner Herbal Tea Bags 20s,38g,£2.00,£5.27/100g,save 65p. Was £2.65,Dietary & Lifestyle
899136,Schär Gluten Free Waffles,G,false,2714,https://ecom-su-static-prod.wtrecom.com/images/products/3/LN_899136_BP_3.jpg,https://www.waitrose.com/ecom/products/schar-gluten-free-waffles/899136-745691-745692,Schär Gluten Free Waffles,100g,£2.50,£2.50/100g,,Dietary & Lifestyle
899064,Heinz Vegetable Soup 4 Pack,G,true,2715,https://ecom-su-static-prod.wtrecom.com/images/products/3/LN_899064_BP_3.jpg,https://www.waitrose.com/ecom/products/heinz-vegetable-soup-4-pack/899064-800936-800937,Heinz Vegetable Soup 4 Pack,4x400g,£4.00,25p/100g,Add 2 for £7,Dietary & Lifestyle
898298,Ella's Kitchen Chicken Noodles,G,true,2716,https://ecom-su-static-prod.wtrecom.com/images/products/3/LN_898298_BP_3.jpg,https://www.waitrose.com/ecom/products/ellas-kitchen-chicken-noodles/898298-656389-656390,Ella's Kitchen Chicken Noodles,130g,£1.80,£1.39/100g,Add 5 for £7,Dietary & Lifestyle
897829,Twinings Soulful Blends Pause Tea Bags 20,G,false,2717,https://ecom-su-static-prod.wtrecom.com/images/products/3/LN_897829_BP_3.jpg,https://www.waitrose.com/ecom/products/twinings-soulful-blends-pause-tea-bags-20/897829-801292-801293,Twinings Soulful Blends Pause Tea Bags 20,36g,£3.70,£10.28/100g,,Dietary & Lifestyle
897776,Heinz No Added Sugar Cream of Tomato Soup,G,true,2718,https://ecom-su-static-prod.wtrecom.com/images/products/3/LN_897776_BP_3.jpg,https://www.waitrose.com/ecom/products/heinz-no-added-sugar-cream-of-tomato-soup/897776-767339-767340,Heinz No Added Sugar Cream of Tomato Soup,4x400g,£4.00,25p/100g,Add 2 for £7,Dietary & Lifestyle
896862,Haliborange Softies Calcium & Vitamin D,G,true,2719,https://ecom-su-static-prod.wtrecom.com/images/products/3/LN_896862_BP_3.jpg,https://www.waitrose.com/ecom/products/haliborange-softies-calcium-vitamin-d/896862-330598-330599,Haliborange Softies Calcium & Vitamin D,30s,£5.50,18.3p each,save £1.10. Was £6.60,Dietary & Lifestyle
895982,YuMOVE Joint Care Senior Dog Daily Bites,G,false,2720,https://ecom-su-static-prod.wtrecom.com/images/products/3/LN_895982_BP_3.jpg,https://www.waitrose.com/ecom/products/yumove-joint-care-senior-dog-daily-bites/895982-815161-815162,YuMOVE Joint Care Senior Dog Daily Bites,60Each,£18.90,31.5p each,,Dietary & Lifestyle
895610,Hellmann's Plant Based Mayo,G,false,2721,https://ecom-su-static-prod.wtrecom.com/images/products/3/LN_895610_BP_3.jpg,https://www.waitrose.com/ecom/products/hellmanns-plant-based-mayo/895610-826782-826783,Hellmann's Plant Based Mayo,430ml,£3.40,79.1p/100ml,,Dietary & Lifestyle
894803,Free and Easy Egg Replacer,G,false,2722,https://ecom-su-static-prod.wtrecom.com/images/products/3/LN_894803_BP_3.jpg,https://www.waitrose.com/ecom/products/free-and-easy-egg-replacer/894803-730062-730063,Free and Easy Egg Replacer,135g,£2.90,£2.15/100g,,Dietary & Lifestyle
894342,Candy Kittens Wild Strawberry,G,false,2723,https://ecom-su-static-prod.wtrecom.com/images/products/3/LN_894342_BP_3.jpg,https://www.waitrose.com/ecom/products/candy-kittens-wild-strawberry/894342-777248-777249,Candy Kittens Wild Strawberry,54g,£1.25,£2.32/100g,,Dietary & Lifestyle
893941,Seedlip Garden 108 Non-Alcoholic Spirit,G,false,2724,https://ecom-su-static-prod.wtrecom.com/images/products/3/LN_893941_BP_3.jpg,https://www.waitrose.com/ecom/products/seedlip-garden-108-non-alcoholic-spirit/893941-572851-572852,Seedlip Garden 108 Non-Alcoholic Spirit,70cl,£22.00,£31.43/litre,,Dietary & Lifestyle
893686,Tony's Chocolonely Caramel Sea Salt,G,true,2725,https://ecom-su-static-prod.wtrecom.com/images/products/3/LN_893686_BP_3.jpg,https://www.waitrose.com/ecom/products/tonys-chocolonely-caramel-sea-salt/893686-744761-744762,Tony's Chocolonely Caramel Sea Salt,47g,£1.40,£2.98/100g,"£5 Food to Go Meal Deal: Add 1 Main, 1 Snack and 1 Drink",Dietary & Lifestyle
893661,Bull Dog Foaming Sensitive Shave Gel,G,true,2726,https://ecom-su-static-prod.wtrecom.com/images/products/3/LN_893661_BP_3.jpg,https://www.waitrose.com/ecom/products/bull-dog-foaming-sensitive-shave-gel/893661-528522-528523,Bull Dog Foaming Sensitive Shave Gel,200ml,£2.80,£1.40/100ml,Save 1/3. Was £4.20,Dietary & Lifestyle
893036,Seven Seas Omega 3 Max Strength,G,false,2727,https://ecom-su-static-prod.wtrecom.com/images/products/3/LN_893036_BP_3.jpg,https://www.waitrose.com/ecom/products/seven-seas-omega-3-max-strength/893036-777486-777487,Seven Seas Omega 3 Max Strength,30s,£19.45,64.8p each,,Dietary & Lifestyle
892809,Cadbury Plant Bar Vegan Chocolate Bar,G,false,2728,https://ecom-su-static-prod.wtrecom.com/images/products/3/LN_892809_BP_3.jpg,https://www.waitrose.com/ecom/products/cadbury-plant-bar-vegan-chocolate-bar/892809-777244-777245,Cadbury Plant Bar Vegan Chocolate Bar,90g,£2.65,£2.95/100g,,Dietary & Lifestyle
892682,Easy to Cook Chicken Cordon Bleu for 2,G,false,2729,https://ecom-su-static-prod.wtrecom.com/images/products/3/LN_892682_BP_3.jpg,https://www.waitrose.com/ecom/products/easy-to-cook-chicken-cordon-bleu-for-2/892682-779124-779125,Easy to Cook Chicken Cordon Bleu for 2,297g,£8.00,£26.94/kg,,Dietary & Lifestyle
891211,Graze Smokehouse BBQ Crunch,G,true,2730,https://ecom-su-static-prod.wtrecom.com/images/products/3/LN_891211_BP_3.jpg,https://www.waitrose.com/ecom/products/graze-smokehouse-bbq-crunch/891211-460135-460136,Graze Smokehouse BBQ Crunch,28g,£1.25,£4.47/100g,"£5 Food to Go Meal Deal: Add 1 Main, 1 Snack and 1 Drink",Dietary & Lifestyle
890787,Olina's Gluten Free Rosemary Crackers,G,false,2731,https://ecom-su-static-prod.wtrecom.com/images/products/3/LN_890787_BP_3.jpg,https://www.waitrose.com/ecom/products/olinas-gluten-free-rosemary-crackers/890787-791289-791290,Olina's Gluten Free Rosemary Crackers,80g,£2.20,£2.75/100g,,Dietary & Lifestyle
890636,No.1 Salted Caramel Truffles,G,true,2732,https://ecom-su-static-prod.wtrecom.com/images/products/3/LN_890636_BP_3.jpg,https://www.waitrose.com/ecom/products/no1-salted-caramel-truffles/890636-731741-731742,No.1 Salted Caramel Truffles,120g,£5.20,£4.34/100g,20% Off. Was £6.50,Dietary & Lifestyle
888765,Umberto Giannini Curl Jelly Wash,G,false,2733,https://ecom-su-static-prod.wtrecom.com/images/products/3/LN_888765_BP_3.jpg,https://www.waitrose.com/ecom/products/umberto-giannini-curl-jelly-wash/888765-695909-695910,Umberto Giannini Curl Jelly Wash,250ml,£9.40,£3.76/100ml,,Dietary & Lifestyle
887495,Kiddylicious Fruity Drops Raspberry,G,false,2734,https://ecom-su-static-prod.wtrecom.com/images/products/3/LN_887495_BP_3.jpg,https://www.waitrose.com/ecom/products/kiddylicious-fruity-drops-raspberry/887495-758832-758833,Kiddylicious Fruity Drops Raspberry,4x16g,£2.65,£4.15/100g,,Dietary & Lifestyle
884982,Nexba Elderflower Lemon Kombucha,G,true,2735,https://ecom-su-static-prod.wtrecom.com/images/products/3/LN_884982_BP_3.jpg,https://www.waitrose.com/ecom/products/nexba-elderflower-lemon-kombucha/884982-806360-806361,Nexba Elderflower Lemon Kombucha,1litre,£2.00,20p/100ml,Save 1/3. Was £3.00,Dietary & Lifestyle
884935,Tisserand Sleep Better Bath & Shower,G,true,2736,https://ecom-su-static-prod.wtrecom.com/images/products/3/LN_884935_BP_3.jpg,https://www.waitrose.com/ecom/products/tisserand-sleep-better-bath-shower/884935-707148-707149,Tisserand Sleep Better Bath & Shower,400ml,£8.96,£2.24/100ml,25% Off. Was £11.95,Dietary & Lifestyle
884818,Faith in Nature Lavender & Geranium Conditioner,G,false,2737,https://ecom-su-static-prod.wtrecom.com/images/products/3/LN_884818_BP_3.jpg,https://www.waitrose.com/ecom/products/faith-in-nature-lavender-geranium-conditioner/884818-724214-724215,Faith in Nature Lavender & Geranium Conditioner,400ml,£8.00,£2/100ml,,Dietary & Lifestyle
884557,Berocca Immunity Orange,G,false,2738,https://ecom-su-static-prod.wtrecom.com/images/products/3/LN_884557_BP_3.jpg,https://www.waitrose.com/ecom/products/berocca-immunity-orange/884557-777472-777473,Berocca Immunity Orange,15s,£8.65,57.7p each,,Dietary & Lifestyle
884525,Childs Farm Shampoo Strawberry,G,false,2739,https://ecom-su-static-prod.wtrecom.com/images/products/3/LN_884525_BP_3.jpg,https://www.waitrose.com/ecom/products/childs-farm-shampoo-strawberry/884525-666291-666292,Childs Farm Shampoo Strawberry,500ml,£8.40,£1.68/100ml,,Dietary & Lifestyle
883736,BetterYou Vitamin D+K2 Daily Oral Spray,G,false,2740,https://ecom-su-static-prod.wtrecom.com/images/products/3/LN_883736_BP_3.jpg,https://www.waitrose.com/ecom/products/betteryou-vitamin-dk2-daily-oral-spray/883736-730980-730981,BetterYou Vitamin D+K2 Daily Oral Spray,12ml,£10.40,£86.67/100ml,,Dietary & Lifestyle
883621,Balance Me Rose Otto Face Oil,G,false,2741,https://ecom-su-static-prod.wtrecom.com/images/products/3/LN_883621_BP_3.jpg,https://www.waitrose.com/ecom/products/balance-me-rose-otto-face-oil/883621-313634-313635,Balance Me Rose Otto Face Oil,30ml,£35.00,£116.67/100ml,,Dietary & Lifestyle
882376,Divine Dark Chocolate with Himalayan Salt,G,false,2742,https://ecom-su-static-prod.wtrecom.com/images/products/3/LN_882376_BP_3.jpg,https://www.waitrose.com/ecom/products/divine-dark-chocolate-with-himalayan-salt/882376-589655-589656,Divine Dark Chocolate with Himalayan Salt,90g,£2.80,£3.12/100g,,Dietary & Lifestyle
882204,Citizens of Soil Extra Virgin Olive Oil Bottle,G,false,2743,https://ecom-su-static-prod.wtrecom.com/images/products/3/LN_882204_BP_3.jpg,https://www.waitrose.com/ecom/products/citizens-of-soil-extra-virgin-olive-oil-bottle/882204-805851-805852,Citizens of Soil Extra Virgin Olive Oil Bottle,500ml,£19.50,£3.90/100ml,,Dietary & Lifestyle
880631,Faith In Nature Rosemary Conditioner,G,false,2744,https://ecom-su-static-prod.wtrecom.com/images/products/3/LN_880631_BP_3.jpg,https://www.waitrose.com/ecom/products/faith-in-nature-rosemary-conditioner/880631-820692-820693,Faith In Nature Rosemary Conditioner,400ml,£8.00,£2/100ml,,Dietary & Lifestyle
880543,Holy Cow! Mangalore Malabar Curry Sauce,G,false,2745,https://ecom-su-static-prod.wtrecom.com/images/products/3/LN_880543_BP_3.jpg,https://www.waitrose.com/ecom/products/holy-cow-mangalore-malabar-curry-sauce/880543-703664-703665,Holy Cow! Mangalore Malabar Curry Sauce,250g,£2.50,£1/100g,,Dietary & Lifestyle
880465,Scrumbles Salmon Adult & Senior Dry Cat Food 750g,G,true,2746,https://ecom-su-static-prod.wtrecom.com/images/products/3/LN_880465_BP_3.jpg,https://www.waitrose.com/ecom/products/scrumbles-salmon-adult-senior-dry-cat-food-750g/880465-790831-790832,Scrumbles Salmon Adult & Senior Dry Cat Food 750g,750g,£6.00,£8/kg,save £2.00. Was £8.00,Dietary & Lifestyle
880436,Faith in Nature Wild Rose Conditioner,G,false,2747,https://ecom-su-static-prod.wtrecom.com/images/products/3/LN_880436_BP_3.jpg,https://www.waitrose.com/ecom/products/faith-in-nature-wild-rose-conditioner/880436-724204-724205,Faith in Nature Wild Rose Conditioner,400ml,£8.00,£2/100ml,,Dietary & Lifestyle
879843,Guittard Extra Dark Choc Baking Chips,G,false,2748,https://ecom-su-static-prod.wtrecom.com/images/products/3/LN_879843_BP_3.jpg,https://www.waitrose.com/ecom/products/guittard-extra-dark-choc-baking-chips/879843-730056-730057,Guittard Extra Dark Choc Baking Chips,326g,£6.25,£1.92/100g,,Dietary & Lifestyle
879669,Childs Farm Bubble Bath Tangerine,G,false,2749,https://ecom-su-static-prod.wtrecom.com/images/products/3/LN_879669_BP_3.jpg,https://www.waitrose.com/ecom/products/childs-farm-bubble-bath-tangerine/879669-666289-666290,Childs Farm Bubble Bath Tangerine,500ml,£8.40,£1.68/100ml,,Dietary & Lifestyle
879209,Twinings Soulful Blends Peace Tea Bags 20,G,false,2750,https://ecom-su-static-prod.wtrecom.com/images/products/3/LN_879209_BP_3.jpg,https://www.waitrose.com/ecom/products/twinings-soulful-blends-peace-tea-bags-20/879209-801268-801269,Twinings Soulful Blends Peace Tea Bags 20,40g,£3.70,£9.25/100g,,Dietary & Lifestyle
878079,Scrumbles Salmon Adult & Senior Dry Dog Food 2kg,G,false,2751,https://ecom-su-static-prod.wtrecom.com/images/products/3/LN_878079_BP_3.jpg,https://www.waitrose.com/ecom/products/scrumbles-salmon-adult-senior-dry-dog-food-2kg/878079-790829-790830,Scrumbles Salmon Adult & Senior Dry Dog Food 2kg,2Kg,£13.00,£6.50/kg,,Dietary & Lifestyle
877291,Caleño Dark & Spicy Non-Alcoholic Spirit,G,false,2752,https://ecom-su-static-prod.wtrecom.com/images/products/3/LN_877291_BP_3.jpg,https://www.waitrose.com/ecom/products/caleno-dark-spicy-non-alcoholic-spirit/877291-767307-767308,Caleño Dark & Spicy Non-Alcoholic Spirit,50cl,£18.00,£36/litre,,Dietary & Lifestyle
876674,Schär Gluten Free Chocolate Fingers,G,false,2753,https://ecom-su-static-prod.wtrecom.com/images/products/3/LN_876674_BP_3.jpg,https://www.waitrose.com/ecom/products/schar-gluten-free-chocolate-fingers/876674-144344-144345,Schär Gluten Free Chocolate Fingers,150g,£2.25,£1.50/100g,,Dietary & Lifestyle
876509,Genius Gluten Free Spicy Fruit Loaf,G,false,2754,https://ecom-su-static-prod.wtrecom.com/images/products/3/LN_876509_BP_3.jpg,https://www.waitrose.com/ecom/products/genius-gluten-free-spicy-fruit-loaf/876509-144342-144343,Genius Gluten Free Spicy Fruit Loaf,400g,£3.15,78.8p/100g,,Dietary & Lifestyle
876064,Quaker Protein Sachets - Golden Syrup,G,true,2755,https://ecom-su-static-prod.wtrecom.com/images/products/3/LN_876064_BP_3.jpg,https://www.waitrose.com/ecom/products/quaker-protein-sachets-golden-syrup/876064-823376-823377,Quaker Protein Sachets - Golden Syrup,8x43g,£3.50,£1.02/100g,Add 2 for £4.50,Dietary & Lifestyle
875610,Encore Cat Fish Broth Selection Pouches,G,false,2756,https://ecom-su-static-prod.wtrecom.com/images/products/3/LN_875610_BP_3.jpg,https://www.waitrose.com/ecom/products/encore-cat-fish-broth-selection-pouches/875610-751841-751841,Encore Cat Fish Broth Selection Pouches,5x50g,£4.95,£19.80/kg,,Dietary & Lifestyle
874628,Twinings Superblends Digest Ginger Tea Bags 20,G,false,2757,https://ecom-su-static-prod.wtrecom.com/images/products/3/LN_874628_BP_3.jpg,https://www.waitrose.com/ecom/products/twinings-superblends-digest-ginger-tea-bags-20/874628-776902-776903,Twinings Superblends Digest Ginger Tea Bags 20,40g,£3.70,£9.25/100g,,Dietary & Lifestyle
874034,Higgidy Spinach & Red Pepper Mini Muffins,G,true,2758,https://ecom-su-static-prod.wtrecom.com/images/products/3/LN_874034_BP_3.jpg,https://www.waitrose.com/ecom/products/higgidy-spinach-red-pepper-mini-muffins/874034-794618-794619,Higgidy Spinach & Red Pepper Mini Muffins,160g,£3.00,£1.88/100g,save £1.00. Was £4.00,Dietary & Lifestyle
872839,Centrum Women Multivitamin Tablets,G,false,2759,https://ecom-su-static-prod.wtrecom.com/images/products/3/LN_872839_BP_3.jpg,https://www.waitrose.com/ecom/products/centrum-women-multivitamin-tablets/872839-275037-275038,Centrum Women Multivitamin Tablets,30s,£8.70,29p each,,Dietary & Lifestyle
872535,Waitrose Abate Fetel Pears,G,true,2760,https://ecom-su-static-prod.wtrecom.com/images/products/3/LN_872535_BP_3.jpg,https://www.waitrose.com/ecom/products/waitrose-abate-fetel-pears/872535-373767-373768,Waitrose Abate Fetel Pears,4s,£2.00,50p each,20% Off. Was £2.50,Dietary & Lifestyle
872459,Candy Kittens Sour Watermelon,G,false,2761,https://ecom-su-static-prod.wtrecom.com/images/products/3/LN_872459_BP_3.jpg,https://www.waitrose.com/ecom/products/candy-kittens-sour-watermelon/872459-777238-777239,Candy Kittens Sour Watermelon,54g,£1.25,£2.32/100g,,Dietary & Lifestyle
871892,Eat Natural Nuts & Seeds with Honey,G,true,2762,https://ecom-su-static-prod.wtrecom.com/images/products/3/LN_871892_BP_3.jpg,https://www.waitrose.com/ecom/products/eat-natural-nuts-seeds-with-honey/871892-675290-675291,Eat Natural Nuts & Seeds with Honey,450g,£3.35,74.4p/100g,20% Off. Was £4.25,Dietary & Lifestyle
870932,Berocca Mixed Berries,G,false,2763,https://ecom-su-static-prod.wtrecom.com/images/products/3/LN_870932_BP_3.jpg,https://www.waitrose.com/ecom/products/berocca-mixed-berries/870932-692156-692157,Berocca Mixed Berries,45s,£15.75,35p each,,Dietary & Lifestyle
870066,Vitabiotics Ultra Omega-3,G,false,2764,https://ecom-su-static-prod.wtrecom.com/images/products/3/LN_870066_BP_3.jpg,https://www.waitrose.com/ecom/products/vitabiotics-ultra-omega-3/870066-162001-162002,Vitabiotics Ultra Omega-3,60s,£10.20,17p each,,Dietary & Lifestyle
869756,Bassetts Vitamins EPO & Multivitamins 12-18 Years,G,false,2765,https://ecom-su-static-prod.wtrecom.com/images/products/3/LN_869756_BP_3.jpg,https://www.waitrose.com/ecom/products/bassetts-vitamins-epo-multivitamins-12-18-years/869756-523244-523245,Bassetts Vitamins EPO & Multivitamins 12-18 Years,30s,£7.15,23.8p each,,Dietary & Lifestyle
868306,Tisserand Total De-stress Mist,G,true,2766,https://ecom-su-static-prod.wtrecom.com/images/products/3/LN_868306_BP_3.jpg,https://www.waitrose.com/ecom/products/tisserand-total-de-stress-mist/868306-707142-707143,Tisserand Total De-stress Mist,100ml,£7.87,£7.87/100ml,25% Off. Was £10.50,Dietary & Lifestyle
867560,Brite Focus Natural Nootropic Pineapple Mango,G,true,2767,https://ecom-su-static-prod.wtrecom.com/images/products/3/LN_867560_BP_3.jpg,https://www.waitrose.com/ecom/products/brite-focus-natural-nootropic-pineapple-mango/867560-806354-806355,Brite Focus Natural Nootropic Pineapple Mango,4x330ml,£4.85,36.7p/100ml,25% Off. Was £6.50,Dietary & Lifestyle
867065,Dorset Cereals Golden Syrup Porridge Cereal,G,false,2768,https://ecom-su-static-prod.wtrecom.com/images/products/3/LN_867065_BP_3.jpg,https://www.waitrose.com/ecom/products/dorset-cereals-golden-syrup-porridge-cereal/867065-808116-808117,Dorset Cereals Golden Syrup Porridge Cereal,400g,£2.95,73.8p/100g,,Dietary & Lifestyle
866372,The Botanist Islay Dry Gin Premium Scottish Gin,G,false,2769,https://ecom-su-static-prod.wtrecom.com/images/products/3/LN_866372_BP_3.jpg,https://www.waitrose.com/ecom/products/the-botanist-islay-dry-gin-premium-scottish-gin/866372-499560-499561,The Botanist Islay Dry Gin Premium Scottish Gin,700ml,£39.00,£55.72/litre,,Dietary & Lifestyle
865904,Bulldog Sensitive Face Wash,G,true,2770,https://ecom-su-static-prod.wtrecom.com/images/products/3/LN_865904_BP_3.jpg,https://www.waitrose.com/ecom/products/bulldog-sensitive-face-wash/865904-307386-307387,Bulldog Sensitive Face Wash,150ml,£3.50,£2.34/100ml,Save 1/3. Was £5.25,Dietary & Lifestyle
865474,Waitrose High Strength Omega 3,G,false,2771,https://ecom-su-static-prod.wtrecom.com/images/products/3/LN_865474_BP_3.jpg,https://www.waitrose.com/ecom/products/waitrose-high-strength-omega-3/865474-236374-236375,Waitrose High Strength Omega 3,90s,£8.50,9.4p each,,Dietary & Lifestyle
865450,Twinings Superblends Balance Lemon Balm Tea Bags 20,G,false,2772,https://ecom-su-static-prod.wtrecom.com/images/products/3/LN_865450_BP_3.jpg,https://www.waitrose.com/ecom/products/twinings-superblends-balance-lemon-balm-tea-bags-20/865450-776892-776893,Twinings Superblends Balance Lemon Balm Tea Bags 20,32g,£3.70,£11.57/100g,,Dietary & Lifestyle
865173,Warner's Rhubarb Gin,G,true,2773,https://ecom-su-static-prod.wtrecom.com/images/products/3/LN_865173_BP_3.jpg,https://www.waitrose.com/ecom/products/warners-rhubarb-gin/865173-547174-547175,Warner's Rhubarb Gin,70cl,£30.00,£42.86/litre,save £8.00. Was £38.00,Dietary & Lifestyle
864958,Waitrose LoveLife Quick Cook Italian 5 Grains,G,false,2774,https://ecom-su-static-prod.wtrecom.com/images/products/3/LN_864958_BP_3.jpg,https://www.waitrose.com/ecom/products/waitrose-lovelife-quick-cook-italian-5-grains/864958-237720-237721,Waitrose LoveLife Quick Cook Italian 5 Grains,250g,£1.80,£7.20/kg,,Dietary & Lifestyle
864797,Ben & Jerry's Vanilla Pecan Blondie Ice Cream Tub,G,true,2775,https://ecom-su-static-prod.wtrecom.com/images/products/3/LN_864797_BP_3.jpg,https://www.waitrose.com/ecom/products/ben-jerrys-vanilla-pecan-blondie-ice-cream-tub/864797-802196-802197,Ben & Jerry's Vanilla Pecan Blondie Ice Cream Tub,465ml,£3.75,80.6p/100ml,Save £1.75. Was £5.50,Dietary & Lifestyle
864364,Magnum Mint Ice Cream Sticks,G,true,2776,https://ecom-su-static-prod.wtrecom.com/images/products/3/LN_864364_BP_3.jpg,https://www.waitrose.com/ecom/products/magnum-mint-ice-cream-sticks/864364-777230-777231,Magnum Mint Ice Cream Sticks,3x100ml,£3.50,£1.17/100ml,Add 2 for £5,Dietary & Lifestyle
863778,Crosta & Mollica Pizzetta Tonno MSC,G,true,2777,https://ecom-su-static-prod.wtrecom.com/images/products/3/LN_863778_BP_3.jpg,https://www.waitrose.com/ecom/products/crosta-mollica-pizzetta-tonno-msc/863778-805561-805562,Crosta & Mollica Pizzetta Tonno MSC,472g,£4.20,89p/100g,20% Off. Was £5.25,Dietary & Lifestyle
862406,Waitrose Espresso Coffee Capsules 10s,G,false,2778,https://ecom-su-static-prod.wtrecom.com/images/products/3/LN_862406_BP_3.jpg,https://www.waitrose.com/ecom/products/waitrose-espresso-coffee-capsules-10s/862406-736109-736110,Waitrose Espresso Coffee Capsules 10s,50g,£2.65,£5.30/100g,,Dietary & Lifestyle
861670,The Tofoo Co. Soy & Ginger Tempeh Pieces,G,false,2779,https://ecom-su-static-prod.wtrecom.com/images/products/3/LN_861670_BP_3.jpg,https://www.waitrose.com/ecom/products/the-tofoo-co-soy-ginger-tempeh-pieces/861670-810186-810187,The Tofoo Co. Soy & Ginger Tempeh Pieces,180g,£3.00,£16.67/kg,,Dietary & Lifestyle
861634,TRIBE Protein Flapjacks Caramel,G,false,2780,https://ecom-su-static-prod.wtrecom.com/images/products/3/LN_861634_BP_3.jpg,https://www.waitrose.com/ecom/products/tribe-protein-flapjacks-caramel/861634-808114-808115,TRIBE Protein Flapjacks Caramel,3x38g,£3.30,£2.90/100g,,Dietary & Lifestyle
861451,Feroglobin Capsules Gentle Iron,G,false,2781,https://ecom-su-static-prod.wtrecom.com/images/products/3/LN_861451_BP_3.jpg,https://www.waitrose.com/ecom/products/feroglobin-capsules-gentle-iron/861451-161986-161987,Feroglobin Capsules Gentle Iron,30s,£5.50,18.3p each,,Dietary & Lifestyle
861087,Quorn Vegetarian Chicken & Leek Family Pie,G,false,2782,https://ecom-su-static-prod.wtrecom.com/images/products/3/LN_861087_BP_3.jpg,https://www.waitrose.com/ecom/products/quorn-vegetarian-chicken-leek-family-pie/861087-817018-817019,Quorn Vegetarian Chicken & Leek Family Pie,680g,£4.00,£5.89/kg,,Dietary & Lifestyle
860572,Kit & Kin Eco Nappies Size 4,G,false,2783,https://ecom-su-static-prod.wtrecom.com/images/products/3/LN_860572_BP_3.jpg,https://www.waitrose.com/ecom/products/kit-kin-eco-nappies-size-4/860572-744101-744102,Kit & Kin Eco Nappies Size 4,32s,£8.00,25p each,,Dietary & Lifestyle
859309,Lily's Kitchen Grain-Free Recipes Wet Dog Food,G,true,2784,https://ecom-su-static-prod.wtrecom.com/images/products/3/LN_859309_BP_3.jpg,https://www.waitrose.com/ecom/products/lilys-kitchen-grain-free-recipes-wet-dog-food/859309-707695-707695,Lily's Kitchen Grain-Free Recipes Wet Dog Food,6x400g,£16.00,£6.67/kg,save £3.00. Was £19.00,Dietary & Lifestyle
859140,Teapigs Chamomile Flowers 40 Tea Temples,G,false,2785,https://ecom-su-static-prod.wtrecom.com/images/products/3/LN_859140_BP_3.jpg,https://www.waitrose.com/ecom/products/teapigs-chamomile-flowers-40-tea-temples/859140-693328-693329,Teapigs Chamomile Flowers 40 Tea Temples,60g,£9.15,£15.25/100g,,Dietary & Lifestyle
858586,Ben & Jerrys Spectacu-love Caramel Cinnamon Ice Cream Tub,G,true,2786,https://ecom-su-static-prod.wtrecom.com/images/products/3/LN_858586_BP_3.jpg,https://www.waitrose.com/ecom/products/ben-jerrys-spectacu-love-caramel-cinnamon-ice-cream-tub/858586-824416-824417,Ben & Jerrys Spectacu-love Caramel Cinnamon Ice Cream Tub,465ml,£3.75,80.6p/100ml,Save £1.75. Was £5.50,Dietary & Lifestyle
857954,Deliciously Ella Vegan Dark Chocolate,G,false,2787,https://ecom-su-static-prod.wtrecom.com/images/products/3/LN_857954_BP_3.jpg,https://www.waitrose.com/ecom/products/deliciously-ella-vegan-dark-chocolate/857954-798796-798797,Deliciously Ella Vegan Dark Chocolate,80g,£3.15,£3.94/100g,,Dietary & Lifestyle
857557,VFC Chick*n Mince Vegan,G,false,2788,https://ecom-su-static-prod.wtrecom.com/images/products/3/LN_857557_BP_3.jpg,https://www.waitrose.com/ecom/products/vfc-chickn-mince-vegan/857557-817014-817015,VFC Chick*n Mince Vegan,300g,£2.65,£8.84/kg,,Dietary & Lifestyle
856432,Vitabiotics Ultra Vitamin C,G,false,2789,https://ecom-su-static-prod.wtrecom.com/images/products/3/LN_856432_BP_3.jpg,https://www.waitrose.com/ecom/products/vitabiotics-ultra-vitamin-c/856432-174779-174780,Vitabiotics Ultra Vitamin C,60s,£6.30,10.5p each,,Dietary & Lifestyle
856251,Propercorn Lightly Sea Salted,G,true,2790,https://ecom-su-static-prod.wtrecom.com/images/products/3/LN_856251_BP_3.jpg,https://www.waitrose.com/ecom/products/propercorn-lightly-sea-salted/856251-605250-605251,Propercorn Lightly Sea Salted,20g,£1.10,£5.50/100g,"£5 Food to Go Meal Deal: Add 1 Main, 1 Snack and 1 Drink",Dietary & Lifestyle
855868,Deliciously Ella Peanut Butter Oat Bar,G,true,2791,https://ecom-su-static-prod.wtrecom.com/images/products/3/LN_855868_BP_3.jpg,https://www.waitrose.com/ecom/products/deliciously-ella-peanut-butter-oat-bar/855868-807935-807936,Deliciously Ella Peanut Butter Oat Bar,50g,£1.20,£2.40/100g,"£5 Food to Go Meal Deal: Add 1 Main, 1 Snack and 1 Drink",Dietary & Lifestyle
855808,Kiddylicious Melts Banana & Mango,G,true,2792,https://ecom-su-static-prod.wtrecom.com/images/products/3/LN_855808_BP_3.jpg,https://www.waitrose.com/ecom/products/kiddylicious-melts-banana-mango/855808-229579-229580,Kiddylicious Melts Banana & Mango,6g,60p,£10/100g,save 35p. Was 95p,Dietary & Lifestyle
854627,TREK Gluten Free Protein Peanut Butter Flapjack,G,true,2793,https://ecom-su-static-prod.wtrecom.com/images/products/3/LN_854627_BP_3.jpg,https://www.waitrose.com/ecom/products/trek-gluten-free-protein-peanut-butter-flapjack/854627-791271-791272,TREK Gluten Free Protein Peanut Butter Flapjack,50g,£1.00,£2/100g,save 20p. Was £1.20,Dietary & Lifestyle
854584,Hayman's London Dry Gin,G,true,2794,https://ecom-su-static-prod.wtrecom.com/images/products/3/LN_854584_BP_3.jpg,https://www.waitrose.com/ecom/products/haymans-london-dry-gin/854584-499554-499555,Hayman's London Dry Gin,70cl,£21.00,£30/litre,save £6.00. Was £27.00,Dietary & Lifestyle
854555,Spice Tailor Spicy Tarka Lentil Daal,G,false,2795,https://ecom-su-static-prod.wtrecom.com/images/products/3/LN_854555_BP_3.jpg,https://www.waitrose.com/ecom/products/spice-tailor-spicy-tarka-lentil-daal/854555-726863-726864,Spice Tailor Spicy Tarka Lentil Daal,400g,£3.75,93.8p/100g,,Dietary & Lifestyle
854358,No.1 Contemporary Chocolate Edition,G,false,2796,https://ecom-su-static-prod.wtrecom.com/images/products/3/LN_854358_BP_3.jpg,https://www.waitrose.com/ecom/products/no1-contemporary-chocolate-edition/854358-759252-759253,No.1 Contemporary Chocolate Edition,155g,£10.00,£6.46/100g,,Dietary & Lifestyle
854357,Goodness Rose & Geranium Bath Soak,G,false,2797,https://ecom-su-static-prod.wtrecom.com/images/products/3/LN_854357_BP_3.jpg,https://www.waitrose.com/ecom/products/goodness-rose-geranium-bath-soak/854357-724160-724161,Goodness Rose & Geranium Bath Soak,500ml,£4.20,84p/100ml,,Dietary & Lifestyle
854293,Ella's Kitchen Cottage Pie,G,true,2798,https://ecom-su-static-prod.wtrecom.com/images/products/3/LN_854293_BP_3.jpg,https://www.waitrose.com/ecom/products/ellas-kitchen-cottage-pie/854293-656237-656238,Ella's Kitchen Cottage Pie,130g,£1.80,£1.39/100g,Add 5 for £7,Dietary & Lifestyle
853249,Waitrose Chai 50 Tea Bags,G,false,2799,https://ecom-su-static-prod.wtrecom.com/images/products/3/LN_853249_BP_3.jpg,https://www.waitrose.com/ecom/products/waitrose-chai-50-tea-bags/853249-381500-381501,Waitrose Chai 50 Tea Bags,125g,£1.95,£1.56/100g,,Dietary & Lifestyle
852875,Warner's Pink Berry 0%,G,false,2800,https://ecom-su-static-prod.wtrecom.com/images/products/3/LN_852875_BP_3.jpg,https://www.waitrose.com/ecom/products/warners-pink-berry-0/852875-783204-783205,Warner's Pink Berry 0%,50cl,£18.00,£36/litre,,Dietary & Lifestyle
851701,Jubel Beer Cut with Peach,G,false,2801,https://ecom-su-static-prod.wtrecom.com/images/products/3/LN_851701_BP_3.jpg,https://www.waitrose.com/ecom/products/jubel-beer-cut-with-peach/851701-802950-802951,Jubel Beer Cut with Peach,4x330ml,£6.75,£5.12/litre,,Dietary & Lifestyle
851598,Weleda Calendula Face Cream,G,false,2802,https://ecom-su-static-prod.wtrecom.com/images/products/3/LN_851598_BP_3.jpg,https://www.waitrose.com/ecom/products/weleda-calendula-face-cream/851598-292732-292733,Weleda Calendula Face Cream,50ml,£10.50,£21/100ml,,Dietary & Lifestyle
851501,Ombar Vegan Centres Hazelnut Truffle Bar,G,false,2803,https://ecom-su-static-prod.wtrecom.com/images/products/3/LN_851501_BP_3.jpg,https://www.waitrose.com/ecom/products/ombar-vegan-centres-hazelnut-truffle-bar/851501-744081-744082,Ombar Vegan Centres Hazelnut Truffle Bar,70g,£3.10,£4.43/100g,,Dietary & Lifestyle
851478,Essential Golden Syrup Instant Oats,G,false,2804,https://ecom-su-static-prod.wtrecom.com/images/products/3/LN_851478_BP_3.jpg,https://www.waitrose.com/ecom/products/essential-golden-syrup-instant-oats/851478-164852-164853,Essential Golden Syrup Instant Oats,10x39g,£1.50,38.5p/100g,,Dietary & Lifestyle
851132,Fearne & Rosie Strawberry Superberry Jam,G,true,2805,https://ecom-su-static-prod.wtrecom.com/images/products/3/LN_851132_BP_3.jpg,https://www.waitrose.com/ecom/products/fearne-rosie-strawberry-superberry-jam/851132-786000-786001,Fearne & Rosie Strawberry Superberry Jam,310g,£2.55,82.3p/100g,20% Off. Was £3.20,Dietary & Lifestyle
850689,itsu Salted Caramel Bao Buns,G,false,2806,https://ecom-su-static-prod.wtrecom.com/images/products/3/LN_850689_BP_3.jpg,https://www.waitrose.com/ecom/products/itsu-salted-caramel-bao-buns/850689-804274-804275,itsu Salted Caramel Bao Buns,180g,£3.70,£2.06/100g,,Dietary & Lifestyle
850138,Bassetts Vitamins Woman Multivitamins & Multiminerals,G,false,2807,https://ecom-su-static-prod.wtrecom.com/images/products/3/LN_850138_BP_3.jpg,https://www.waitrose.com/ecom/products/bassetts-vitamins-woman-multivitamins-multiminerals/850138-788782-788783,Bassetts Vitamins Woman Multivitamins & Multiminerals,30s,£13.65,45.5p each,,Dietary & Lifestyle
848516,Raw Halo Dark & Salted Caramel,G,true,2808,https://ecom-su-static-prod.wtrecom.com/images/products/3/LN_848516_BP_3.jpg,https://www.waitrose.com/ecom/products/raw-halo-dark-salted-caramel/848516-687687-687688,Raw Halo Dark & Salted Caramel,70g,£2.40,£3.43/100g,20% Off. Was £3.00,Dietary & Lifestyle
846791,Arla Jord Long Life Oat Drink,G,false,2809,https://ecom-su-static-prod.wtrecom.com/images/products/3/LN_846791_BP_3.jpg,https://www.waitrose.com/ecom/products/arla-jord-long-life-oat-drink/846791-823104-823105,Arla Jord Long Life Oat Drink,1litre,£1.80,£1.80/litre,,Dietary & Lifestyle
846078,Wellman 70+ Tablets,G,false,2810,https://ecom-su-static-prod.wtrecom.com/images/products/3/LN_846078_BP_3.jpg,https://www.waitrose.com/ecom/products/wellman-70-tablets/846078-385401-385402,Wellman 70+ Tablets,30s,£10.00,33.3p each,,Dietary & Lifestyle
845906,Cauldron Vegan Pumpkin Bakes,G,false,2811,https://ecom-su-static-prod.wtrecom.com/images/products/3/LN_845906_BP_3.jpg,https://www.waitrose.com/ecom/products/cauldron-vegan-pumpkin-bakes/845906-825285-825286,Cauldron Vegan Pumpkin Bakes,200g,£2.80,£1.40/100g,,Dietary & Lifestyle
845878,NOMO Cookie Dough,G,true,2812,https://ecom-su-static-prod.wtrecom.com/images/products/3/LN_845878_BP_3.jpg,https://www.waitrose.com/ecom/products/nomo-cookie-dough/845878-806704-806705,NOMO Cookie Dough,150g,£2.70,£1.80/100g,save 90p. Was £3.60,Dietary & Lifestyle
844910,Deliciously Ella Cacao & Almond Oat Bar,G,true,2813,https://ecom-su-static-prod.wtrecom.com/images/products/3/LN_844910_BP_3.jpg,https://www.waitrose.com/ecom/products/deliciously-ella-cacao-almond-oat-bar/844910-807929-807930,Deliciously Ella Cacao & Almond Oat Bar,50g,£1.20,£2.40/100g,"£5 Food to Go Meal Deal: Add 1 Main, 1 Snack and 1 Drink",Dietary & Lifestyle
843174,Seven Seas Omega-3 & Immunity Capsules,G,false,2814,https://ecom-su-static-prod.wtrecom.com/images/products/3/LN_843174_BP_3.jpg,https://www.waitrose.com/ecom/products/seven-seas-omega-3-immunity-capsules/843174-741469-741469,Seven Seas Omega-3 & Immunity Capsules,30s,£18.90,63p each,,Dietary & Lifestyle
841960,Delphis Eco Drain Cleaner Tablets,G,false,2815,https://ecom-su-static-prod.wtrecom.com/images/products/3/LN_841960_BP_3.jpg,https://www.waitrose.com/ecom/products/delphis-eco-drain-cleaner-tablets/841960-753170-753171,Delphis Eco Drain Cleaner Tablets,10x4g,£10.00,£250/kg,,Dietary & Lifestyle
841700,Jude's Vegan Salted Caramel Ice Cream Sticks,G,true,2816,https://ecom-su-static-prod.wtrecom.com/images/products/3/LN_841700_BP_3.jpg,https://www.waitrose.com/ecom/products/judes-vegan-salted-caramel-ice-cream-sticks/841700-782820-782821,Jude's Vegan Salted Caramel Ice Cream Sticks,3x80ml,£3.00,£1.25/100ml,save £1.15. Was £4.15,Dietary & Lifestyle
840829,Ella's Kitchen Peaches Pears & Rice,G,false,2817,https://ecom-su-static-prod.wtrecom.com/images/products/3/LN_840829_BP_3.jpg,https://www.waitrose.com/ecom/products/ellas-kitchen-peaches-pears-rice/840829-166813-166814,Ella's Kitchen Peaches Pears & Rice,120g,£1.35,£1.13/100g,,Dietary & Lifestyle
839684,Cafédirect Lively Roast Ground Coffee,G,false,2818,https://ecom-su-static-prod.wtrecom.com/images/products/3/LN_839684_BP_3.jpg,https://www.waitrose.com/ecom/products/cafedirect-lively-roast-ground-coffee/839684-769569-769570,Cafédirect Lively Roast Ground Coffee,200g,£4.00,£2/100g,,Dietary & Lifestyle
839603,No.1 English Breakfast 15 Tea Bags,G,false,2819,https://ecom-su-static-prod.wtrecom.com/images/products/3/LN_839603_BP_3.jpg,https://www.waitrose.com/ecom/products/no1-english-breakfast-15-tea-bags/839603-773530-773531,No.1 English Breakfast 15 Tea Bags,50g,£2.65,£5.30/100g,,Dietary & Lifestyle
839459,Pentire Coastal Spritz Non-Alcoholic Spirit,G,true,2820,https://ecom-su-static-prod.wtrecom.com/images/products/3/LN_839459_BP_3.jpg,https://www.waitrose.com/ecom/products/pentire-coastal-spritz-non-alcoholic-spirit/839459-810116-810117,Pentire Coastal Spritz Non-Alcoholic Spirit,700ml,£21.60,£3.09/100ml,20% Off. Was £27.00,Dietary & Lifestyle
839211,Baileys Chocolat Luxe Cream Liqueur,G,false,2821,https://ecom-su-static-prod.wtrecom.com/images/products/3/LN_839211_BP_3.jpg,https://www.waitrose.com/ecom/products/baileys-chocolat-luxe-cream-liqueur/839211-298679-298680,Baileys Chocolat Luxe Cream Liqueur,500ml,£21.00,£42/litre,,Dietary & Lifestyle
836395,Waitrose Plant Living Southern Fried No Chicken Burger,G,false,2822,https://ecom-su-static-prod.wtrecom.com/images/products/3/LN_836395_BP_3.jpg,https://www.waitrose.com/ecom/products/waitrose-plant-living-southern-fried-no-chicken-burger/836395-825277-825278,Waitrose Plant Living Southern Fried No Chicken Burger,227g,£3.00,£1.33/100g,,Dietary & Lifestyle
836173,"Waitrose Belgian Choc, Praline & Caramel Box",G,false,2823,https://ecom-su-static-prod.wtrecom.com/images/products/3/LN_836173_BP_3.jpg,https://www.waitrose.com/ecom/products/waitrose-belgian-choc-praline-caramel-box/836173-759224-759225,"Waitrose Belgian Choc, Praline & Caramel Box",148g,£6.50,£4.40/100g,,Dietary & Lifestyle
834876,Umberto Giannini Curl Jelly,G,false,2824,https://ecom-su-static-prod.wtrecom.com/images/products/3/LN_834876_BP_3.jpg,https://www.waitrose.com/ecom/products/umberto-giannini-curl-jelly/834876-695839-695840,Umberto Giannini Curl Jelly,200ml,£9.40,£4.70/100ml,,Dietary & Lifestyle
833928,YUM by YuMOVE 6-in-1 Adult Dog Multivitamins,G,true,2825,https://ecom-su-static-prod.wtrecom.com/images/products/3/LN_833928_BP_3.jpg,https://www.waitrose.com/ecom/products/yum-by-yumove-6-in-1-adult-dog-multivitamins/833928-815157-815158,YUM by YuMOVE 6-in-1 Adult Dog Multivitamins,30Each,£9.20,30.7p each,20% Off. Was £11.50,Dietary & Lifestyle
833871,Kiddylicious Fruit Wriggles Strawberry,G,true,2826,https://ecom-su-static-prod.wtrecom.com/images/products/3/LN_833871_BP_3.jpg,https://www.waitrose.com/ecom/products/kiddylicious-fruit-wriggles-strawberry/833871-758748-758749,Kiddylicious Fruit Wriggles Strawberry,4x12g,£2.20,£4.59/100g,save 45p. Was £2.65,Dietary & Lifestyle
833834,Cooks' Ingredients Chocolate Mini Jazzies,G,false,2827,https://ecom-su-static-prod.wtrecom.com/images/products/3/LN_833834_BP_3.jpg,https://www.waitrose.com/ecom/products/cooks-ingredients-chocolate-mini-jazzies/833834-752673-752674,Cooks' Ingredients Chocolate Mini Jazzies,50g,£1.30,£26/kg,,Dietary & Lifestyle
828576,Heinz Lemon Ricotta Pasta Sauce,G,true,2828,https://ecom-su-static-prod.wtrecom.com/images/products/3/LN_828576_BP_3.jpg,https://www.waitrose.com/ecom/products/heinz-lemon-ricotta-pasta-sauce/828576-815017-815018,Heinz Lemon Ricotta Pasta Sauce,350g,£1.50,42.9p/100g,save £1.00. Was £2.50,Dietary & Lifestyle
827892,Kellogg's Plain Wheats Breakfast Cereal,G,false,2829,https://ecom-su-static-prod.wtrecom.com/images/products/3/LN_827892_BP_3.jpg,https://www.waitrose.com/ecom/products/kelloggs-plain-wheats-breakfast-cereal/827892-793614-793615,Kellogg's Plain Wheats Breakfast Cereal,500g,£2.00,40p/100g,,Dietary & Lifestyle
827705,No.1 Champagne Truffles,G,true,2830,https://ecom-su-static-prod.wtrecom.com/images/products/3/LN_827705_BP_3.jpg,https://www.waitrose.com/ecom/products/no1-champagne-truffles/827705-731715-731716,No.1 Champagne Truffles,120g,£5.20,£4.34/100g,20% Off. Was £6.50,Dietary & Lifestyle
827584,Scrumbles Chicken Kittens & Queens Dry Cat Food 750g,G,true,2831,https://ecom-su-static-prod.wtrecom.com/images/products/3/LN_827584_BP_3.jpg,https://www.waitrose.com/ecom/products/scrumbles-chicken-kittens-queens-dry-cat-food-750g/827584-790790-790791,Scrumbles Chicken Kittens & Queens Dry Cat Food 750g,750g,£6.00,£8/kg,save £2.00. Was £8.00,Dietary & Lifestyle
827485,Delphis Eco Anti-Bacterial Cleaner,G,false,2832,https://ecom-su-static-prod.wtrecom.com/images/products/3/LN_827485_BP_3.jpg,https://www.waitrose.com/ecom/products/delphis-eco-anti-bacterial-cleaner/827485-753146-753147,Delphis Eco Anti-Bacterial Cleaner,700ml,£4.00,57.1p/100ml,,Dietary & Lifestyle
826746,No.1 Designer Chocolate Edition,G,false,2833,https://ecom-su-static-prod.wtrecom.com/images/products/3/LN_826746_BP_3.jpg,https://www.waitrose.com/ecom/products/no1-designer-chocolate-edition/826746-759214-759215,No.1 Designer Chocolate Edition,133g,£10.00,£7.52/100g,,Dietary & Lifestyle
826062,Tony's Chocolonely Littl' Bits Marshmallow Mix,G,false,2834,https://ecom-su-static-prod.wtrecom.com/images/products/3/LN_826062_BP_3.jpg,https://www.waitrose.com/ecom/products/tonys-chocolonely-littl-bits-marshmallow-mix/826062-810108-810109,Tony's Chocolonely Littl' Bits Marshmallow Mix,100g,£2.50,£2.50/100g,,Dietary & Lifestyle
825718,Bassetts Vitamins Multivitamins Raspberry 7-11 Years,G,false,2835,https://ecom-su-static-prod.wtrecom.com/images/products/3/LN_825718_BP_3.jpg,https://www.waitrose.com/ecom/products/bassetts-vitamins-multivitamins-raspberry-7-11-years/825718-455562-455563,Bassetts Vitamins Multivitamins Raspberry 7-11 Years,30s,£6.30,21p each,,Dietary & Lifestyle
825365,Moo Free Vegan White Cocoa Bar,G,false,2836,https://ecom-su-static-prod.wtrecom.com/images/products/3/LN_825365_BP_3.jpg,https://www.waitrose.com/ecom/products/moo-free-vegan-white-cocoa-bar/825365-745497-745498,Moo Free Vegan White Cocoa Bar,20g,80p,£4/100g,,Dietary & Lifestyle
825048,Gran Luchito Tomatillo Salsa,G,false,2837,https://ecom-su-static-prod.wtrecom.com/images/products/3/LN_825048_BP_3.jpg,https://www.waitrose.com/ecom/products/gran-luchito-tomatillo-salsa/825048-600914-600915,Gran Luchito Tomatillo Salsa,300g,£3.00,£1/100g,,Dietary & Lifestyle
824667,Childs Farm Hair & Body Wash Blackberry,G,false,2838,https://ecom-su-static-prod.wtrecom.com/images/products/3/LN_824667_BP_3.jpg,https://www.waitrose.com/ecom/products/childs-farm-hair-body-wash-blackberry/824667-666273-666274,Childs Farm Hair & Body Wash Blackberry,500ml,£8.40,£1.68/100ml,,Dietary & Lifestyle
824641,Cauldron Vegan Spinach Bakes,G,false,2839,https://ecom-su-static-prod.wtrecom.com/images/products/3/LN_824641_BP_3.jpg,https://www.waitrose.com/ecom/products/cauldron-vegan-spinach-bakes/824641-825259-825260,Cauldron Vegan Spinach Bakes,200g,£2.80,£1.40/100g,,Dietary & Lifestyle
824284,Eco Warrior All Over Body Bar,G,false,2840,https://ecom-su-static-prod.wtrecom.com/images/products/3/LN_824284_BP_3.jpg,https://www.waitrose.com/ecom/products/eco-warrior-all-over-body-bar/824284-777440-777441,Eco Warrior All Over Body Bar,100g,£3.75,£3.75/100g,,Dietary & Lifestyle
822053,No.1 Colombia Reserve Roasted Coffee Beans,G,false,2841,https://ecom-su-static-prod.wtrecom.com/images/products/3/LN_822053_BP_3.jpg,https://www.waitrose.com/ecom/products/no1-colombia-reserve-roasted-coffee-beans/822053-769563-769564,No.1 Colombia Reserve Roasted Coffee Beans,750g,£12.50,£1.67/100g,,Dietary & Lifestyle
820157,Eco Warrior Shampoo Bar,G,false,2842,https://ecom-su-static-prod.wtrecom.com/images/products/3/LN_820157_BP_3.jpg,https://www.waitrose.com/ecom/products/eco-warrior-shampoo-bar/820157-724089-724090,Eco Warrior Shampoo Bar,100g,£5.80,£5.80/100g,,Dietary & Lifestyle
819276,Sipsmith FreeGlider Non-alcoholic Spirit,G,true,2843,https://ecom-su-static-prod.wtrecom.com/images/products/3/LN_819276_BP_3.jpg,https://www.waitrose.com/ecom/products/sipsmith-freeglider-non-alcoholic-spirit/819276-747590-747591,Sipsmith FreeGlider Non-alcoholic Spirit,70cl,£15.00,£21.43/litre,save £4.00. Was £19.00,Dietary & Lifestyle
817879,Clive's Organic Red Pepper Harissa Quiche,G,false,2844,https://ecom-su-static-prod.wtrecom.com/images/products/3/LN_817879_BP_3.jpg,https://www.waitrose.com/ecom/products/clives-organic-red-pepper-harissa-quiche/817879-788411-788412,Clive's Organic Red Pepper Harissa Quiche,380g,£4.70,£1.24/100g,,Dietary & Lifestyle
817273,Faith In Nature Shea & Argan Shampoo 400ml,G,false,2845,https://ecom-su-static-prod.wtrecom.com/images/products/3/LN_817273_BP_3.jpg,https://www.waitrose.com/ecom/products/faith-in-nature-shea-argan-shampoo-400ml/817273-809266-809267,Faith In Nature Shea & Argan Shampoo 400ml,400ml,£8.00,£2/100ml,,Dietary & Lifestyle
817058,Kabuto Noodles Singapore Noodles,G,true,2846,https://ecom-su-static-prod.wtrecom.com/images/products/3/LN_817058_BP_3.jpg,https://www.waitrose.com/ecom/products/kabuto-noodles-singapore-noodles/817058-781165-781166,Kabuto Noodles Singapore Noodles,65g,£1.30,£2/100g,save 45p. Was £1.75,Dietary & Lifestyle
816270,Fulfil Chocolate Hazelnut Whip Bar,G,true,2847,https://ecom-su-static-prod.wtrecom.com/images/products/3/LN_816270_BP_3.jpg,https://www.waitrose.com/ecom/products/fulfil-chocolate-hazelnut-whip-bar/816270-802122-802123,Fulfil Chocolate Hazelnut Whip Bar,40g,£2.45,£6.13/100g,"£5 Food to Go Meal Deal: Add 1 Main, 1 Snack and 1 Drink",Dietary & Lifestyle
815451,Crespo Pitted Dry Black Olives,G,true,2848,https://ecom-su-static-prod.wtrecom.com/images/products/3/LN_815451_BP_3.jpg,https://www.waitrose.com/ecom/products/crespo-pitted-dry-black-olives/815451-669089-669090,Crespo Pitted Dry Black Olives,150g,£2.10,£1.40/100g,25% Off. Was £2.80,Dietary & Lifestyle
814828,Sapling Climate Positive Vodka,G,false,2849,https://ecom-su-static-prod.wtrecom.com/images/products/3/LN_814828_BP_3.jpg,https://www.waitrose.com/ecom/products/sapling-climate-positive-vodka/814828-819105-819106,Sapling Climate Positive Vodka,70cl,£32.00,£45.72/litre,,Dietary & Lifestyle
814768,Nexba Mango Kombucha,G,true,2850,https://ecom-su-static-prod.wtrecom.com/images/products/3/LN_814768_BP_3.jpg,https://www.waitrose.com/ecom/products/nexba-mango-kombucha/814768-806332-806333,Nexba Mango Kombucha,1litre,£2.00,20p/100ml,Save 1/3. Was £3.00,Dietary & Lifestyle
812888,Waitrose Calcium & Vitamin D,G,false,2851,https://ecom-su-static-prod.wtrecom.com/images/products/3/LN_812888_BP_3.jpg,https://www.waitrose.com/ecom/products/waitrose-calcium-vitamin-d/812888-236330-236331,Waitrose Calcium & Vitamin D,60s,£3.50,5.8p each,,Dietary & Lifestyle
812776,Knorr Gluten Free Rich Beef Stock Cube,G,false,2852,https://ecom-su-static-prod.wtrecom.com/images/products/3/LN_812776_BP_3.jpg,https://www.waitrose.com/ecom/products/knorr-gluten-free-rich-beef-stock-cube/812776-535611-535612,Knorr Gluten Free Rich Beef Stock Cube,80g,£2.05,£2.57/100g,,Dietary & Lifestyle
812125,FUEL 10K Salted Caramel Porridge Pot,G,true,2853,https://ecom-su-static-prod.wtrecom.com/images/products/3/LN_812125_BP_3.jpg,https://www.waitrose.com/ecom/products/fuel-10k-salted-caramel-porridge-pot/812125-803400-803401,FUEL 10K Salted Caramel Porridge Pot,70g,£1.00,£1.43/100g,save 35p. Was £1.35,Dietary & Lifestyle
811687,Twinings Superblends Digest Rooibos Tea Bags 20,G,false,2854,https://ecom-su-static-prod.wtrecom.com/images/products/3/LN_811687_BP_3.jpg,https://www.waitrose.com/ecom/products/twinings-superblends-digest-rooibos-tea-bags-20/811687-693230-693231,Twinings Superblends Digest Rooibos Tea Bags 20,35g,£3.70,£10.58/100g,,Dietary & Lifestyle
811009,Nestlé Carnation Vegan Condensed Milk Altern,G,false,2855,https://ecom-su-static-prod.wtrecom.com/images/products/3/LN_811009_BP_3.jpg,https://www.waitrose.com/ecom/products/nestle-carnation-vegan-condensed-milk-altern/811009-742001-742002,Nestlé Carnation Vegan Condensed Milk Altern,370g,£2.85,77p/100g,,Dietary & Lifestyle
810404,Better You MultiVit Spray,G,false,2856,https://ecom-su-static-prod.wtrecom.com/images/products/3/LN_810404_BP_3.jpg,https://www.waitrose.com/ecom/products/better-you-multivit-spray/810404-696644-696645,Better You MultiVit Spray,25ml,£10.40,£41.60/100ml,,Dietary & Lifestyle
810017,"Innocent Invigorate, Kiwi & Cucumber High Vitamin Fruit Super Smoothie",G,true,2857,https://ecom-su-static-prod.wtrecom.com/images/products/3/LN_810017_BP_3.jpg,https://www.waitrose.com/ecom/products/innocent-invigorate-kiwi-cucumber-high-vitamin-fruit-super-smoothie/810017-722513-722514,"Innocent Invigorate, Kiwi & Cucumber High Vitamin Fruit Super Smoothie",300ml,£2.65,88.3p/100ml,"£5 Food to Go Meal Deal: Add 1 Main, 1 Snack and 1 Drink",Dietary & Lifestyle
810016,Kiddylicious Melts Strawberry & Banana,G,true,2858,https://ecom-su-static-prod.wtrecom.com/images/products/3/LN_810016_BP_3.jpg,https://www.waitrose.com/ecom/products/kiddylicious-melts-strawberry-banana/810016-229415-229416,Kiddylicious Melts Strawberry & Banana,6g,60p,£10/100g,save 35p. Was 95p,Dietary & Lifestyle
808735,Dr. Oetker Giant Chocolate Stars,G,false,2859,https://ecom-su-static-prod.wtrecom.com/images/products/3/LN_808735_BP_3.jpg,https://www.waitrose.com/ecom/products/dr-oetker-giant-chocolate-stars/808735-260916-260917,Dr. Oetker Giant Chocolate Stars,20g,£2.20,£11/100g,,Dietary & Lifestyle
808080,Lily's Kitchen Organic Dinner for Puppies Wet Food,G,false,2860,https://ecom-su-static-prod.wtrecom.com/images/products/3/LN_808080_BP_3.jpg,https://www.waitrose.com/ecom/products/lilys-kitchen-organic-dinner-for-puppies-wet-food/808080-216088-216089,Lily's Kitchen Organic Dinner for Puppies Wet Food,150g,£1.80,£12/kg,,Dietary & Lifestyle
807887,Ella's Kitchen Organic Banana & Vanilla Bread Pudding,G,false,2861,https://ecom-su-static-prod.wtrecom.com/images/products/3/LN_807887_BP_3.jpg,https://www.waitrose.com/ecom/products/ellas-kitchen-organic-banana-vanilla-bread-pudding/807887-509446-509447,Ella's Kitchen Organic Banana & Vanilla Bread Pudding,4x80g,£2.35,73.4p/100g,,Dietary & Lifestyle
807782,Essential Crunchy Vegetable Stir Fry,G,true,2862,https://ecom-su-static-prod.wtrecom.com/images/products/3/LN_807782_BP_3.jpg,https://www.waitrose.com/ecom/products/essential-crunchy-vegetable-stir-fry/807782-161891-161892,Essential Crunchy Vegetable Stir Fry,450g,£1.60,35.6p/100g,"£7 Stir Fry Meal Deal: Add protein, veg, sauce & rice or noodles",Dietary & Lifestyle
806084,CleanCo Clean R Non-Alcoholic Rum Replacement,G,true,2863,https://ecom-su-static-prod.wtrecom.com/images/products/3/LN_806084_BP_3.jpg,https://www.waitrose.com/ecom/products/cleanco-clean-r-non-alcoholic-rum-replacement/806084-793594-793595,CleanCo Clean R Non-Alcoholic Rum Replacement,70cl,£10.00,£14.29/litre,save £7.00. Was £17.00,Dietary & Lifestyle
806019,Innocent Plus Bolt From the Blue High Vitamin Fruit Juice,G,true,2864,https://ecom-su-static-prod.wtrecom.com/images/products/3/LN_806019_BP_3.jpg,https://www.waitrose.com/ecom/products/innocent-plus-bolt-from-the-blue-high-vitamin-fruit-juice/806019-690836-690837,Innocent Plus Bolt From the Blue High Vitamin Fruit Juice,330ml,£2.25,68.2p/100ml,"£5 Food to Go Meal Deal: Add 1 Main, 1 Snack and 1 Drink",Dietary & Lifestyle
805657,Brew Tea Co English Breakfast Loose Leaf,G,false,2865,https://ecom-su-static-prod.wtrecom.com/images/products/3/LN_805657_BP_3.jpg,https://www.waitrose.com/ecom/products/brew-tea-co-english-breakfast-loose-leaf/805657-381436-381437,Brew Tea Co English Breakfast Loose Leaf,113g,£6.00,£5.31/100g,,Dietary & Lifestyle
805053,YUM by YuMOVE 8-in-1 Senior Dog Multivitamins,G,true,2866,https://ecom-su-static-prod.wtrecom.com/images/products/3/LN_805053_BP_3.jpg,https://www.waitrose.com/ecom/products/yum-by-yumove-8-in-1-senior-dog-multivitamins/805053-815150-815151,YUM by YuMOVE 8-in-1 Senior Dog Multivitamins,30Each,£10.40,34.7p each,20% Off. Was £13.00,Dietary & Lifestyle
804067,Gran Luchito Cantina Beans,G,false,2867,https://ecom-su-static-prod.wtrecom.com/images/products/3/LN_804067_BP_3.jpg,https://www.waitrose.com/ecom/products/gran-luchito-cantina-beans/804067-756125-756126,Gran Luchito Cantina Beans,430g,£2.30,53.5p/100g,,Dietary & Lifestyle
803567,OHMG Variety Pack Sparkling Magnesium Water,G,true,2868,https://ecom-su-static-prod.wtrecom.com/images/products/3/LN_803567_BP_3.jpg,https://www.waitrose.com/ecom/products/ohmg-variety-pack-sparkling-magnesium-water/803567-806331-806331,OHMG Variety Pack Sparkling Magnesium Water,4x330ml,£4.50,34.1p/100ml,25% Off. Was £6.00,Dietary & Lifestyle
801726,Brew Tea Co Decaf Ceylon Loose Tea,G,false,2869,https://ecom-su-static-prod.wtrecom.com/images/products/3/LN_801726_BP_3.jpg,https://www.waitrose.com/ecom/products/brew-tea-co-decaf-ceylon-loose-tea/801726-667255-667256,Brew Tea Co Decaf Ceylon Loose Tea,113g,£6.50,£5.76/100g,,Dietary & Lifestyle
801589,Parla Original Toothpaste Tabs,G,false,2870,https://ecom-su-static-prod.wtrecom.com/images/products/3/LN_801589_BP_3.jpg,https://www.waitrose.com/ecom/products/parla-original-toothpaste-tabs/801589-776846-776847,Parla Original Toothpaste Tabs,62Each,£7.35,11.9p each,,Dietary & Lifestyle
800896,Belazu Verdemanda,G,false,2871,https://ecom-su-static-prod.wtrecom.com/images/products/3/LN_800896_BP_3.jpg,https://www.waitrose.com/ecom/products/belazu-verdemanda/800896-690486-690487,Belazu Verdemanda,500ml,£19.75,£3.95/100ml,,Dietary & Lifestyle
797937,CleanCo Clean T Non-Alcoholic Tequila,G,true,2872,https://ecom-su-static-prod.wtrecom.com/images/products/3/LN_797937_BP_3.jpg,https://www.waitrose.com/ecom/products/cleanco-clean-t-non-alcoholic-tequila/797937-793586-793587,CleanCo Clean T Non-Alcoholic Tequila,70cl,£12.00,£17.15/litre,save £5.00. Was £17.00,Dietary & Lifestyle
797783,Haliborange Softies Multivitamin,G,true,2873,https://ecom-su-static-prod.wtrecom.com/images/products/3/LN_797783_BP_3.jpg,https://www.waitrose.com/ecom/products/haliborange-softies-multivitamin/797783-691922-691923,Haliborange Softies Multivitamin,60s,£8.00,13.3p each,save £2.90. Was £10.90,Dietary & Lifestyle
797717,Mirabeau Rosé Gin,G,false,2874,https://ecom-su-static-prod.wtrecom.com/images/products/3/LN_797717_BP_3.jpg,https://www.waitrose.com/ecom/products/mirabeau-rose-gin/797717-718101-718102,Mirabeau Rosé Gin,70cl,£32.00,£45.72/litre,,Dietary & Lifestyle
796875,Innocent Pure Fruit Apple Juice,G,false,2875,https://ecom-su-static-prod.wtrecom.com/images/products/3/LN_796875_BP_3.jpg,https://www.waitrose.com/ecom/products/innocent-pure-fruit-apple-juice/796875-722491-722492,Innocent Pure Fruit Apple Juice,4x150ml,£3.00,50p/100ml,,Dietary & Lifestyle
796594,Waitrose Plant Living Plant & Vegballs,G,false,2876,https://ecom-su-static-prod.wtrecom.com/images/products/3/LN_796594_BP_3.jpg,https://www.waitrose.com/ecom/products/waitrose-plant-living-plant-vegballs/796594-825243-825244,Waitrose Plant Living Plant & Vegballs,240g,£2.60,£1.09/100g,,Dietary & Lifestyle
796279,Sipsmith Lemon Drizzle Gin,G,true,2877,https://ecom-su-static-prod.wtrecom.com/images/products/3/LN_796279_BP_3.jpg,https://www.waitrose.com/ecom/products/sipsmith-lemon-drizzle-gin/796279-731693-731694,Sipsmith Lemon Drizzle Gin,70cl,£22.00,£31.43/litre,Reduced to Clear. Was £30.00,Dietary & Lifestyle
792893,Eco Warrior Shampoo Bar Sensitive Scalp,G,false,2878,https://ecom-su-static-prod.wtrecom.com/images/products/3/LN_792893_BP_3.jpg,https://www.waitrose.com/ecom/products/eco-warrior-shampoo-bar-sensitive-scalp/792893-769848-769849,Eco Warrior Shampoo Bar Sensitive Scalp,100g,£5.80,£5.80/100g,,Dietary & Lifestyle
792868,Biotiful Lemon Drizzle Kefir Drink,G,false,2879,https://ecom-su-static-prod.wtrecom.com/images/products/3/LN_792868_BP_3.jpg,https://www.waitrose.com/ecom/products/biotiful-lemon-drizzle-kefir-drink/792868-811013-811014,Biotiful Lemon Drizzle Kefir Drink,500ml,£2.75,55p/100ml,,Dietary & Lifestyle
791314,Heura Plant-Based Spanish Chorizo Sausages,G,false,2880,https://ecom-su-static-prod.wtrecom.com/images/products/3/LN_791314_BP_3.jpg,https://www.waitrose.com/ecom/products/heura-plant-based-spanish-chorizo-sausages/791314-794594-794595,Heura Plant-Based Spanish Chorizo Sausages,216g,£3.50,£16.21/kg,,Dietary & Lifestyle
790840,Schär Gluten Free Taralli,G,false,2881,https://ecom-su-static-prod.wtrecom.com/images/products/3/LN_790840_BP_3.jpg,https://www.waitrose.com/ecom/products/schar-gluten-free-taralli/790840-791203-791204,Schär Gluten Free Taralli,120g,£2.55,£2.13/100g,,Dietary & Lifestyle
790798,Kiddylicious Blueberry Wafers,G,false,2882,https://ecom-su-static-prod.wtrecom.com/images/products/3/LN_790798_BP_3.jpg,https://www.waitrose.com/ecom/products/kiddylicious-blueberry-wafers/790798-718071-718072,Kiddylicious Blueberry Wafers,10x4g,£2.65,£6.63/100g,,Dietary & Lifestyle
789589,Dole Mandarins in Fruit Juice,G,false,2883,https://ecom-su-static-prod.wtrecom.com/images/products/3/LN_789589_BP_3.jpg,https://www.waitrose.com/ecom/products/dole-mandarins-in-fruit-juice/789589-368226-368227,Dole Mandarins in Fruit Juice,4x113g,£2.40,£5.31/kg,,Dietary & Lifestyle
788609,Haliborange Softies Omega-3,G,true,2884,https://ecom-su-static-prod.wtrecom.com/images/products/3/LN_788609_BP_3.jpg,https://www.waitrose.com/ecom/products/haliborange-softies-omega-3/788609-691908-691909,Haliborange Softies Omega-3,60s,£8.00,13.3p each,save £2.00. Was £10.00,Dietary & Lifestyle
788022,Rubies In The Rubble Tomato Ketchup,G,false,2885,https://ecom-su-static-prod.wtrecom.com/images/products/3/LN_788022_BP_3.jpg,https://www.waitrose.com/ecom/products/rubies-in-the-rubble-tomato-ketchup/788022-782812-782813,Rubies In The Rubble Tomato Ketchup,485g,£3.50,72.2p/100g,,Dietary & Lifestyle
787850,No.1 Jade Oolong 15 Tea Bags,G,true,2886,https://ecom-su-static-prod.wtrecom.com/images/products/3/LN_787850_BP_3.jpg,https://www.waitrose.com/ecom/products/no1-jade-oolong-15-tea-bags/787850-773426-773427,No.1 Jade Oolong 15 Tea Bags,30g,£2.00,£6.67/100g,Reduced to Clear. Was £2.65,Dietary & Lifestyle
787605,Twinings Superblends Immune Support Tea Bags 20,G,false,2887,https://ecom-su-static-prod.wtrecom.com/images/products/3/LN_787605_BP_3.jpg,https://www.waitrose.com/ecom/products/twinings-superblends-immune-support-tea-bags-20/787605-762520-762521,Twinings Superblends Immune Support Tea Bags 20,40g,£3.70,£9.25/100g,,Dietary & Lifestyle
787003,PerfectTed Natural Matcha Energy Apple & Raspberry,G,false,2888,https://ecom-su-static-prod.wtrecom.com/images/products/3/LN_787003_BP_3.jpg,https://www.waitrose.com/ecom/products/perfectted-natural-matcha-energy-apple-raspberry/787003-806324-806325,PerfectTed Natural Matcha Energy Apple & Raspberry,4x250ml,£6.00,60p/100ml,,Dietary & Lifestyle
783486,Lily's Kitchen Cat Fisherman's Feast Adult Dry Food,G,false,2889,https://ecom-su-static-prod.wtrecom.com/images/products/3/LN_783486_BP_3.jpg,https://www.waitrose.com/ecom/products/lilys-kitchen-cat-fishermans-feast-adult-dry-food/783486-586838-586839,Lily's Kitchen Cat Fisherman's Feast Adult Dry Food,800g,£12.75,£15.94/kg,,Dietary & Lifestyle
782280,Deliciously Ella Vegan Creamy Hazelnut Choc,G,false,2890,https://ecom-su-static-prod.wtrecom.com/images/products/3/LN_782280_BP_3.jpg,https://www.waitrose.com/ecom/products/deliciously-ella-vegan-creamy-hazelnut-choc/782280-798770-798771,Deliciously Ella Vegan Creamy Hazelnut Choc,80g,£3.15,£3.94/100g,,Dietary & Lifestyle
782187,Tilda Microwave Long Grain Rice,G,false,2891,https://ecom-su-static-prod.wtrecom.com/images/products/3/LN_782187_BP_3.jpg,https://www.waitrose.com/ecom/products/tilda-microwave-long-grain-rice/782187-695194-695195,Tilda Microwave Long Grain Rice,250g,£1.65,£6.60/kg,,Dietary & Lifestyle
781832,Properchips Lentil Chips Barbecue,G,true,2892,https://ecom-su-static-prod.wtrecom.com/images/products/3/LN_781832_BP_3.jpg,https://www.waitrose.com/ecom/products/properchips-lentil-chips-barbecue/781832-711031-711032,Properchips Lentil Chips Barbecue,20g,£1.10,£5.50/100g,"£5 Food to Go Meal Deal: Add 1 Main, 1 Snack and 1 Drink",Dietary & Lifestyle
781486,Kind Protein Crunchy Peanut Butter Bar,G,true,2893,https://ecom-su-static-prod.wtrecom.com/images/products/3/LN_781486_BP_3.jpg,https://www.waitrose.com/ecom/products/kind-protein-crunchy-peanut-butter-bar/781486-693180-693181,Kind Protein Crunchy Peanut Butter Bar,50g,£2.30,£4.60/100g,"£5 Food to Go Meal Deal: Add 1 Main, 1 Snack and 1 Drink",Dietary & Lifestyle
779794,Love Raw Cre&m Wafer Bar White Choc,G,true,2894,https://ecom-su-static-prod.wtrecom.com/images/products/3/LN_779794_BP_3.jpg,https://www.waitrose.com/ecom/products/love-raw-crem-wafer-bar-white-choc/779794-757171-757172,Love Raw Cre&m Wafer Bar White Choc,45g,£1.70,£3.78/100g,"£5 Food to Go Meal Deal: Add 1 Main, 1 Snack and 1 Drink",Dietary & Lifestyle
779007,Teapigs Silver Tips White Tea 15 Tea Temples,G,false,2895,https://ecom-su-static-prod.wtrecom.com/images/products/3/LN_779007_BP_3.jpg,https://www.waitrose.com/ecom/products/teapigs-silver-tips-white-tea-15-tea-temples/779007-110837-110838,Teapigs Silver Tips White Tea 15 Tea Temples,37.5g,£6.50,£17.34/100g,,Dietary & Lifestyle
777537,THIS Isn't Chicken Breast,G,false,2896,https://ecom-su-static-prod.wtrecom.com/images/products/3/LN_777537_BP_3.jpg,https://www.waitrose.com/ecom/products/this-isnt-chicken-breast/777537-825235-825236,THIS Isn't Chicken Breast,180g,£3.50,£1.95/100g,,Dietary & Lifestyle
776706,Rude Health Crunchy Almond Granola,G,true,2897,https://ecom-su-static-prod.wtrecom.com/images/products/3/LN_776706_BP_3.jpg,https://www.waitrose.com/ecom/products/rude-health-crunchy-almond-granola/776706-741965-741966,Rude Health Crunchy Almond Granola,400g,£2.45,61.3p/100g,Save 1/3. Was £3.70,Dietary & Lifestyle
775870,Faith In Nature Wild Rose Shampoo,G,false,2898,https://ecom-su-static-prod.wtrecom.com/images/products/3/LN_775870_BP_3.jpg,https://www.waitrose.com/ecom/products/faith-in-nature-wild-rose-shampoo/775870-724036-724037,Faith In Nature Wild Rose Shampoo,400ml,£8.00,£2/100ml,,Dietary & Lifestyle
773138,Patak's Medium Jalfrezi Spice Paste,G,true,2899,https://ecom-su-static-prod.wtrecom.com/images/products/3/LN_773138_BP_3.jpg,https://www.waitrose.com/ecom/products/pataks-medium-jalfrezi-spice-paste/773138-371800-371801,Patak's Medium Jalfrezi Spice Paste,283g,£2.30,81.3p/100g,Reduced to Clear. Was £3.50,Dietary & Lifestyle
772470,Umberto Giannini Scalp Shampoo,G,false,2900,https://ecom-su-static-prod.wtrecom.com/images/products/3/LN_772470_BP_3.jpg,https://www.waitrose.com/ecom/products/umberto-giannini-scalp-shampoo/772470-743969-743970,Umberto Giannini Scalp Shampoo,250ml,£9.40,£3.76/100ml,,Dietary & Lifestyle
772222,Dr. Oetker Gelatine,G,false,2901,https://ecom-su-static-prod.wtrecom.com/images/products/3/LN_772222_BP_3.jpg,https://www.waitrose.com/ecom/products/dr-oetker-gelatine/772222-307132-307133,Dr. Oetker Gelatine,3x12g,£1.45,£4.03/100g,,Dietary & Lifestyle
771176,Waitrose Nuts & Raisins,G,false,2902,https://ecom-su-static-prod.wtrecom.com/images/products/3/LN_771176_BP_3.jpg,https://www.waitrose.com/ecom/products/waitrose-nuts-raisins/771176-492143-492144,Waitrose Nuts & Raisins,270g,£2.25,83.3p/100g,,Dietary & Lifestyle
770606,Innocent Plus Berry Set Go Raspberry & Cherry High Vitamin Fruit Juice,G,true,2903,https://ecom-su-static-prod.wtrecom.com/images/products/3/LN_770606_BP_3.jpg,https://www.waitrose.com/ecom/products/innocent-plus-berry-set-go-raspberry-cherry-high-vitamin-fruit-juice/770606-690826-690827,Innocent Plus Berry Set Go Raspberry & Cherry High Vitamin Fruit Juice,330ml,£2.25,68.2p/100ml,"£5 Food to Go Meal Deal: Add 1 Main, 1 Snack and 1 Drink",Dietary & Lifestyle
768430,Nutri Brex Gluten Free,G,false,2904,https://ecom-su-static-prod.wtrecom.com/images/products/3/LN_768430_BP_3.jpg,https://www.waitrose.com/ecom/products/nutri-brex-gluten-free/768430-768569-768570,Nutri Brex Gluten Free,375g,£4.50,£1.20/100g,,Dietary & Lifestyle
767932,Love Raw Cre&m Filled Wafer Bars,G,true,2905,https://ecom-su-static-prod.wtrecom.com/images/products/3/LN_767932_BP_3.jpg,https://www.waitrose.com/ecom/products/love-raw-crem-filled-wafer-bars/767932-743961-743962,Love Raw Cre&m Filled Wafer Bars,43g,£1.70,£3.96/100g,"£5 Food to Go Meal Deal: Add 1 Main, 1 Snack and 1 Drink",Dietary & Lifestyle
766448,Merser & Co Signature Rum,G,true,2906,https://ecom-su-static-prod.wtrecom.com/images/products/3/LN_766448_BP_3.jpg,https://www.waitrose.com/ecom/products/merser-co-signature-rum/766448-778406-778407,Merser & Co Signature Rum,70cl,£23.00,£32.86/litre,save £6.00. Was £29.00,Dietary & Lifestyle
766315,Centrum Women 50+ Multivitamin Tablets,G,false,2907,https://ecom-su-static-prod.wtrecom.com/images/products/3/LN_766315_BP_3.jpg,https://www.waitrose.com/ecom/products/centrum-women-50-multivitamin-tablets/766315-384789-384790,Centrum Women 50+ Multivitamin Tablets,30s,£9.05,30.2p each,,Dietary & Lifestyle
764368,Evian Still Water,G,true,2908,https://ecom-su-static-prod.wtrecom.com/images/products/3/LN_764368_BP_3.jpg,https://www.waitrose.com/ecom/products/evian-still-water/764368-108671-108672,Evian Still Water,75cl,£1.45,19.3p/100ml,"£5 Food to Go Meal Deal: Add 1 Main, 1 Snack and 1 Drink",Dietary & Lifestyle
761914,Solgar Magnesium Citrate,G,false,2909,https://ecom-su-static-prod.wtrecom.com/images/products/3/LN_761914_BP_3.jpg,https://www.waitrose.com/ecom/products/solgar-magnesium-citrate/761914-746243-746244,Solgar Magnesium Citrate,60s,£12.60,21p each,,Dietary & Lifestyle
757975,YuMOVE Joint Care Tablets for Senior Dogs,G,false,2910,https://ecom-su-static-prod.wtrecom.com/images/products/3/LN_757975_BP_3.jpg,https://www.waitrose.com/ecom/products/yumove-joint-care-tablets-for-senior-dogs/757975-815144-815145,YuMOVE Joint Care Tablets for Senior Dogs,80Each,£30.00,37.5p each,,Dietary & Lifestyle
756751,Cafe Direct Mayan Gold Instant,G,false,2911,https://ecom-su-static-prod.wtrecom.com/images/products/3/LN_756751_BP_3.jpg,https://www.waitrose.com/ecom/products/cafe-direct-mayan-gold-instant/756751-793154-793155,Cafe Direct Mayan Gold Instant,100g,£4.50,£4.50/100g,,Dietary & Lifestyle
755416,Deliciously Ella Chocolate Orange Dipped Almonds,G,true,2912,https://ecom-su-static-prod.wtrecom.com/images/products/3/LN_755416_BP_3.jpg,https://www.waitrose.com/ecom/products/deliciously-ella-chocolate-orange-dipped-almonds/755416-807913-807914,Deliciously Ella Chocolate Orange Dipped Almonds,27g,£1.25,£4.63/100g,"£5 Food to Go Meal Deal: Add 1 Main, 1 Snack and 1 Drink",Dietary & Lifestyle
755250,Pact House Blend Ground Coffee,G,true,2913,https://ecom-su-static-prod.wtrecom.com/images/products/3/LN_755250_BP_3.jpg,https://www.waitrose.com/ecom/products/pact-house-blend-ground-coffee/755250-813410-813411,Pact House Blend Ground Coffee,200g,£4.75,£2.38/100g,save £1.20. Was £5.95,Dietary & Lifestyle
754561,Sipsmith Zesty Orange Gin,G,true,2914,https://ecom-su-static-prod.wtrecom.com/images/products/3/LN_754561_BP_3.jpg,https://www.waitrose.com/ecom/products/sipsmith-zesty-orange-gin/754561-731683-731684,Sipsmith Zesty Orange Gin,70cl,£22.00,£31.43/litre,Reduced to Clear. Was £30.00,Dietary & Lifestyle
754319,Ella's Kitchen Tomato-y Pasta,G,false,2915,https://ecom-su-static-prod.wtrecom.com/images/products/3/LN_754319_BP_3.jpg,https://www.waitrose.com/ecom/products/ellas-kitchen-tomato-y-pasta/754319-116769-116770,Ella's Kitchen Tomato-y Pasta,190g,£2.20,£1.16/100g,,Dietary & Lifestyle
753038,Maille Dijonnaise Sauce,G,false,2916,https://ecom-su-static-prod.wtrecom.com/images/products/3/LN_753038_BP_3.jpg,https://www.waitrose.com/ecom/products/maille-dijonnaise-sauce/753038-810452-810453,Maille Dijonnaise Sauce,185g,£2.90,£1.57/100g,,Dietary & Lifestyle
750161,Tony's Chocolonely Littl' Bits Triple Chocolate,G,false,2917,https://ecom-su-static-prod.wtrecom.com/images/products/3/LN_750161_BP_3.jpg,https://www.waitrose.com/ecom/products/tonys-chocolonely-littl-bits-triple-chocolate/750161-810090-810091,Tony's Chocolonely Littl' Bits Triple Chocolate,100g,£2.50,£2.50/100g,,Dietary & Lifestyle
748836,Hattiers Egremont Premium Reserve Rum,G,false,2918,https://ecom-su-static-prod.wtrecom.com/images/products/3/LN_748836_BP_3.jpg,https://www.waitrose.com/ecom/products/hattiers-egremont-premium-reserve-rum/748836-760622-760623,Hattiers Egremont Premium Reserve Rum,70cl,£41.00,£58.58/litre,,Dietary & Lifestyle
748405,Higgidy Sweet Potato Katsu Curry Lattices,G,true,2919,https://ecom-su-static-prod.wtrecom.com/images/products/3/LN_748405_BP_3.jpg,https://www.waitrose.com/ecom/products/higgidy-sweet-potato-katsu-curry-lattices/748405-804340-804341,Higgidy Sweet Potato Katsu Curry Lattices,160g,£3.00,£1.88/100g,save £1.00. Was £4.00,Dietary & Lifestyle
748330,Naturya Organic Cacao Nibs,G,false,2920,https://ecom-su-static-prod.wtrecom.com/images/products/3/LN_748330_BP_3.jpg,https://www.waitrose.com/ecom/products/naturya-organic-cacao-nibs/748330-492125-492126,Naturya Organic Cacao Nibs,125g,£4.20,£3.36/100g,,Dietary & Lifestyle
746878,Solgar Turmeric Root Extract,G,false,2921,https://ecom-su-static-prod.wtrecom.com/images/products/3/LN_746878_BP_3.jpg,https://www.waitrose.com/ecom/products/solgar-turmeric-root-extract/746878-746235-746236,Solgar Turmeric Root Extract,60s,£20.00,33.3p each,,Dietary & Lifestyle
746025,Kit & Kin Eco Nappies Size 2,G,false,2922,https://ecom-su-static-prod.wtrecom.com/images/products/3/LN_746025_BP_3.jpg,https://www.waitrose.com/ecom/products/kit-kin-eco-nappies-size-2/746025-743935-743936,Kit & Kin Eco Nappies Size 2,38s,£8.00,21.1p each,,Dietary & Lifestyle
744646,Childs Farm Hair & Body Wash,G,false,2923,https://ecom-su-static-prod.wtrecom.com/images/products/3/LN_744646_BP_3.jpg,https://www.waitrose.com/ecom/products/childs-farm-hair-body-wash/744646-583896-583897,Childs Farm Hair & Body Wash,500ml,£8.40,£1.68/100ml,,Dietary & Lifestyle
744582,Clive's Mushroom & Shallot Rustic Tart,G,false,2924,https://ecom-su-static-prod.wtrecom.com/images/products/3/LN_744582_BP_3.jpg,https://www.waitrose.com/ecom/products/clives-mushroom-shallot-rustic-tart/744582-810168-810169,Clive's Mushroom & Shallot Rustic Tart,380g,£4.90,£1.29/100g,,Dietary & Lifestyle
743968,BEAR Paws Apple & Blackcurrant,G,false,2925,https://ecom-su-static-prod.wtrecom.com/images/products/3/LN_743968_BP_3.jpg,https://www.waitrose.com/ecom/products/bear-paws-apple-blackcurrant/743968-652755-652756,BEAR Paws Apple & Blackcurrant,5s,£2.80,56p each,,Dietary & Lifestyle
740227,Ben & Jerry's Chocolate Chip Cookie Dough Chunks,G,true,2926,https://ecom-su-static-prod.wtrecom.com/images/products/3/LN_740227_BP_3.jpg,https://www.waitrose.com/ecom/products/ben-jerrys-chocolate-chip-cookie-dough-chunks/740227-724601-724602,Ben & Jerry's Chocolate Chip Cookie Dough Chunks,170g,£3.75,£2.21/100g,save £1.40. Was £5.15,Dietary & Lifestyle
739353,Dorset Cereals Chocolate Muesli Crunch,G,false,2927,https://ecom-su-static-prod.wtrecom.com/images/products/3/LN_739353_BP_3.jpg,https://www.waitrose.com/ecom/products/dorset-cereals-chocolate-muesli-crunch/739353-793552-793553,Dorset Cereals Chocolate Muesli Crunch,400g,£4.20,£1.05/100g,,Dietary & Lifestyle
735971,CleanCo Clean G Rhubarb Non-Alcoholic Gin Replacement,G,true,2928,https://ecom-su-static-prod.wtrecom.com/images/products/3/LN_735971_BP_3.jpg,https://www.waitrose.com/ecom/products/cleanco-clean-g-rhubarb-non-alcoholic-gin-replacement/735971-793548-793549,CleanCo Clean G Rhubarb Non-Alcoholic Gin Replacement,70cl,£12.00,£17.15/litre,save £5.00. Was £17.00,Dietary & Lifestyle
733496,Better You Vitamin D 4000 IU Oral Spray,G,false,2929,https://ecom-su-static-prod.wtrecom.com/images/products/3/LN_733496_BP_3.jpg,https://www.waitrose.com/ecom/products/better-you-vitamin-d-4000-iu-oral-spray/733496-788684-788685,Better You Vitamin D 4000 IU Oral Spray,15ml,£9.95,£66.34/100ml,,Dietary & Lifestyle
733163,CleanCo Clean W Non-Alcoholic Whiskey,G,false,2930,https://ecom-su-static-prod.wtrecom.com/images/products/3/LN_733163_BP_3.jpg,https://www.waitrose.com/ecom/products/cleanco-clean-w-non-alcoholic-whiskey/733163-793542-793543,CleanCo Clean W Non-Alcoholic Whiskey,70cl,£18.00,£25.72/litre,,Dietary & Lifestyle
731223,Dorset Cereals Pecan & Almond Muesli Crunch,G,false,2931,https://ecom-su-static-prod.wtrecom.com/images/products/3/LN_731223_BP_3.jpg,https://www.waitrose.com/ecom/products/dorset-cereals-pecan-almond-muesli-crunch/731223-793540-793541,Dorset Cereals Pecan & Almond Muesli Crunch,400g,£4.20,£1.05/100g,,Dietary & Lifestyle
730693,Pre & Probiotic Cleansing Milk,G,false,2932,https://ecom-su-static-prod.wtrecom.com/images/products/3/LN_730693_BP_3.jpg,https://www.waitrose.com/ecom/products/pre-probiotic-cleansing-milk/730693-800522-800523,Pre & Probiotic Cleansing Milk,180ml,£22.00,£12.23/100ml,,Dietary & Lifestyle
729085,Eco Warrior Mens Shaving Bar,G,false,2933,https://ecom-su-static-prod.wtrecom.com/images/products/3/LN_729085_BP_3.jpg,https://www.waitrose.com/ecom/products/eco-warrior-mens-shaving-bar/729085-785076-785077,Eco Warrior Mens Shaving Bar,100g,£5.00,£5/100g,,Dietary & Lifestyle
728798,TRIBE Protein Muesli Choc Hazelnut,G,true,2934,https://ecom-su-static-prod.wtrecom.com/images/products/3/LN_728798_BP_3.jpg,https://www.waitrose.com/ecom/products/tribe-protein-muesli-choc-hazelnut/728798-808088-808089,TRIBE Protein Muesli Choc Hazelnut,400g,£3.00,75p/100g,save £1.00. Was £4.00,Dietary & Lifestyle
727873,Whole Earth Golden Roasted Crunchy Peanut Butter,G,false,2935,https://ecom-su-static-prod.wtrecom.com/images/products/3/LN_727873_BP_3.jpg,https://www.waitrose.com/ecom/products/whole-earth-golden-roasted-crunchy-peanut-butter/727873-778384-778385,Whole Earth Golden Roasted Crunchy Peanut Butter,340g,£3.80,£1.12/100g,,Dietary & Lifestyle
727408,Pro Plus Caffeine Tablets,G,false,2936,https://ecom-su-static-prod.wtrecom.com/images/products/3/LN_727408_BP_3.jpg,https://www.waitrose.com/ecom/products/pro-plus-caffeine-tablets/727408-788682-788683,Pro Plus Caffeine Tablets,10s,£7.45,74.5p each,,Dietary & Lifestyle
725007,Childs Farm Baby Bedtime Bubbles,G,false,2937,https://ecom-su-static-prod.wtrecom.com/images/products/3/LN_725007_BP_3.jpg,https://www.waitrose.com/ecom/products/childs-farm-baby-bedtime-bubbles/725007-666251-666252,Childs Farm Baby Bedtime Bubbles,250ml,£4.75,£1.90/100ml,,Dietary & Lifestyle
723410,Schär Gluten Free Jaffa Cakes,G,false,2938,https://ecom-su-static-prod.wtrecom.com/images/products/3/LN_723410_BP_3.jpg,https://www.waitrose.com/ecom/products/schar-gluten-free-jaffa-cakes/723410-745329-745330,Schär Gluten Free Jaffa Cakes,150g,£1.50,£1/100g,,Dietary & Lifestyle
723303,Waitrose Fairtrade Pinotage,W,false,2939,https://ecom-su-static-prod.wtrecom.com/images/products/3/LN_723303_BP_3.jpg,https://www.waitrose.com/ecom/products/waitrose-fairtrade-pinotage/723303-706557-706558,Waitrose Fairtrade Pinotage,75cl,£8.99,£8.99/75cl,,Dietary & Lifestyle
723234,Scrumbles Chicken Puppy & Toy Dry Dog Food 2kg,G,false,2940,https://ecom-su-static-prod.wtrecom.com/images/products/3/LN_723234_BP_3.jpg,https://www.waitrose.com/ecom/products/scrumbles-chicken-puppy-toy-dry-dog-food-2kg/723234-790728-790729,Scrumbles Chicken Puppy & Toy Dry Dog Food 2kg,2kg,£13.00,£6.50/kg,,Dietary & Lifestyle
722315,No.1 Brazil Assodantas Coffee Beans,G,false,2941,https://ecom-su-static-prod.wtrecom.com/images/products/3/LN_722315_BP_3.jpg,https://www.waitrose.com/ecom/products/no1-brazil-assodantas-coffee-beans/722315-711782-711783,No.1 Brazil Assodantas Coffee Beans,227g,£4.00,£1.77/100g,,Dietary & Lifestyle
720647,Bio-Kult Saccharomyces Boulardii Gut Supplement Capsules,G,false,2942,https://ecom-su-static-prod.wtrecom.com/images/products/3/LN_720647_BP_3.jpg,https://www.waitrose.com/ecom/products/bio-kult-saccharomyces-boulardii-gut-supplement-capsules/720647-764628-764629,Bio-Kult Saccharomyces Boulardii Gut Supplement Capsules,30Each,£15.00,50p each,,Dietary & Lifestyle
720369,TRIBE Protein Flapjacks Raspberry,G,false,2943,https://ecom-su-static-prod.wtrecom.com/images/products/3/LN_720369_BP_3.jpg,https://www.waitrose.com/ecom/products/tribe-protein-flapjacks-raspberry/720369-808084-808085,TRIBE Protein Flapjacks Raspberry,3x38g,£3.30,£2.90/100g,,Dietary & Lifestyle
720066,Tracklements Ploughman's Pickle,G,false,2944,https://ecom-su-static-prod.wtrecom.com/images/products/3/LN_720066_BP_3.jpg,https://www.waitrose.com/ecom/products/tracklements-ploughmans-pickle/720066-758622-758623,Tracklements Ploughman's Pickle,245g,£3.80,£1.56/100g,,Dietary & Lifestyle
718369,Tracklements Sweet Mustard Ketchup,G,true,2945,https://ecom-su-static-prod.wtrecom.com/images/products/3/LN_718369_BP_3.jpg,https://www.waitrose.com/ecom/products/tracklements-sweet-mustard-ketchup/718369-756045-756046,Tracklements Sweet Mustard Ketchup,290g,£3.10,£1.07/100g,20% Off. Was £3.90,Dietary & Lifestyle
716122,Delphis Eco Limescale Remover,G,false,2946,https://ecom-su-static-prod.wtrecom.com/images/products/3/LN_716122_BP_3.jpg,https://www.waitrose.com/ecom/products/delphis-eco-limescale-remover/716122-753060-753061,Delphis Eco Limescale Remover,700ml,£4.00,57.1p/100ml,,Dietary & Lifestyle
715394,Kit & Kin Eco Nappies Size 3,G,false,2947,https://ecom-su-static-prod.wtrecom.com/images/products/3/LN_715394_BP_3.jpg,https://www.waitrose.com/ecom/products/kit-kin-eco-nappies-size-3/715394-743904-743905,Kit & Kin Eco Nappies Size 3,32s,£8.00,25p each,,Dietary & Lifestyle
715064,Waitrose Gut Health Fruit Juice Shot,G,false,2948,https://ecom-su-static-prod.wtrecom.com/images/products/3/LN_715064_BP_3.jpg,https://www.waitrose.com/ecom/products/waitrose-gut-health-fruit-juice-shot/715064-813056-813057,Waitrose Gut Health Fruit Juice Shot,100ml,£1.60,£1.60/100ml,,Dietary & Lifestyle
714106,Seven Seas Omega 3 + Magnesium,G,false,2949,https://ecom-su-static-prod.wtrecom.com/images/products/3/LN_714106_BP_3.jpg,https://www.waitrose.com/ecom/products/seven-seas-omega-3-magnesium/714106-764585-764585,Seven Seas Omega 3 + Magnesium,30s,£21.00,70p each,,Dietary & Lifestyle
713500,Teapigs Jasmine Pearls Tea 15 Tea Temples,G,false,2950,https://ecom-su-static-prod.wtrecom.com/images/products/3/LN_713500_BP_3.jpg,https://www.waitrose.com/ecom/products/teapigs-jasmine-pearls-tea-15-tea-temples/713500-101398-101399,Teapigs Jasmine Pearls Tea 15 Tea Temples,37.5g,£6.50,£17.34/100g,,Dietary & Lifestyle
712615,Seven Seas Cod Liver Oil & Multivitamins,G,false,2951,https://ecom-su-static-prod.wtrecom.com/images/products/3/LN_712615_BP_3.jpg,https://www.waitrose.com/ecom/products/seven-seas-cod-liver-oil-multivitamins/712615-625218-625219,Seven Seas Cod Liver Oil & Multivitamins,90s,£12.60,14p each,,Dietary & Lifestyle
711714,Mr Organic Black Bean Soup,G,false,2952,https://ecom-su-static-prod.wtrecom.com/images/products/3/LN_711714_BP_3.jpg,https://www.waitrose.com/ecom/products/mr-organic-black-bean-soup/711714-814991-814992,Mr Organic Black Bean Soup,400g,£1.95,48.8p/100g,,Dietary & Lifestyle
710801,Pregnacare Breast-Feeding,G,false,2953,https://ecom-su-static-prod.wtrecom.com/images/products/3/LN_710801_BP_3.jpg,https://www.waitrose.com/ecom/products/pregnacare-breast-feeding/710801-100988-100988,Pregnacare Breast-Feeding,84s,£16.80,20p each,,Dietary & Lifestyle
709994,Freee Organic Gluten Free Fibre Flakes,G,false,2954,https://ecom-su-static-prod.wtrecom.com/images/products/3/LN_709994_BP_3.jpg,https://www.waitrose.com/ecom/products/freee-organic-gluten-free-fibre-flakes/709994-722315-722316,Freee Organic Gluten Free Fibre Flakes,375g,£3.70,98.7p/100g,,Dietary & Lifestyle
708863,"Waitrose Chicken, Tomato & Basil Pasta",G,true,2955,https://ecom-su-static-prod.wtrecom.com/images/products/3/LN_708863_BP_3.jpg,https://www.waitrose.com/ecom/products/waitrose-chicken-tomato-basil-pasta/708863-100683-100684,"Waitrose Chicken, Tomato & Basil Pasta",360g,£3.65,£1.02/100g,"£5 Food to Go Meal Deal: Add 1 Main, 1 Snack and 1 Drink",Dietary & Lifestyle
706298,Dole Peaches in Fruit Juice,G,false,2956,https://ecom-su-static-prod.wtrecom.com/images/products/3/LN_706298_BP_3.jpg,https://www.waitrose.com/ecom/products/dole-peaches-in-fruit-juice/706298-368050-368051,Dole Peaches in Fruit Juice,4x113g,£2.40,£5.31/kg,,Dietary & Lifestyle
706150,PerfectTed Natural Matcha Energy Pear & Ginger,G,false,2957,https://ecom-su-static-prod.wtrecom.com/images/products/3/LN_706150_BP_3.jpg,https://www.waitrose.com/ecom/products/perfectted-natural-matcha-energy-pear-ginger/706150-806307-806308,PerfectTed Natural Matcha Energy Pear & Ginger,4x250ml,£6.00,60p/100ml,,Dietary & Lifestyle
705657,Nature's Bounty Vitamin D3 (1000 IU,G,true,2958,https://ecom-su-static-prod.wtrecom.com/images/products/3/LN_705657_BP_3.jpg,https://www.waitrose.com/ecom/products/natures-bounty-vitamin-d3-1000-iu/705657-746219-746220,Nature's Bounty Vitamin D3 (1000 IU,100s,£6.00,6p each,Save 1/3. Was £9.00,Dietary & Lifestyle
704444,Lily's Kitchen Cat Chicken Casserole Adult Dry Food,G,false,2959,https://ecom-su-static-prod.wtrecom.com/images/products/3/LN_704444_BP_3.jpg,https://www.waitrose.com/ecom/products/lilys-kitchen-cat-chicken-casserole-adult-dry-food/704444-540505-540506,Lily's Kitchen Cat Chicken Casserole Adult Dry Food,800g,£12.75,£15.94/kg,,Dietary & Lifestyle
704436,Plants By Deliciously Ella Tomato & Fennel Soup,G,false,2960,https://ecom-su-static-prod.wtrecom.com/images/products/3/LN_704436_BP_3.jpg,https://www.waitrose.com/ecom/products/plants-by-deliciously-ella-tomato-fennel-soup/704436-810548-810549,Plants By Deliciously Ella Tomato & Fennel Soup,600g,£3.30,55p/100g,,Dietary & Lifestyle
702967,Lily's Kitchen Chicken & Salmon Puppy Recipe Grain-Free Dry Dog Food,G,false,2961,https://ecom-su-static-prod.wtrecom.com/images/products/3/LN_702967_BP_3.jpg,https://www.waitrose.com/ecom/products/lilys-kitchen-chicken-salmon-puppy-recipe-grain-free-dry-dog-food/702967-268948-268949,Lily's Kitchen Chicken & Salmon Puppy Recipe Grain-Free Dry Dog Food,1kg,£10.00,£10/kg,,Dietary & Lifestyle
702316,Fabulous Free From Factory Vegan Sea-Salted Fudge Bites,G,false,2962,https://ecom-su-static-prod.wtrecom.com/images/products/3/LN_702316_BP_3.jpg,https://www.waitrose.com/ecom/products/fabulous-free-from-factory-vegan-sea-salted-fudge-bites/702316-728392-728393,Fabulous Free From Factory Vegan Sea-Salted Fudge Bites,65g,£1.80,£2.77/100g,,Dietary & Lifestyle
701942,Clipper Organic Fairtrade Green & Mint Tea Bags 80s,G,false,2963,https://ecom-su-static-prod.wtrecom.com/images/products/3/LN_701942_BP_3.jpg,https://www.waitrose.com/ecom/products/clipper-organic-fairtrade-green-mint-tea-bags-80s/701942-776782-776783,Clipper Organic Fairtrade Green & Mint Tea Bags 80s,140g,£4.25,£3.04/100g,,Dietary & Lifestyle
701426,Plants By Deliciously Ella Golden Turmeric Tagliolini,G,true,2964,https://ecom-su-static-prod.wtrecom.com/images/products/3/LN_701426_BP_3.jpg,https://www.waitrose.com/ecom/products/plants-by-deliciously-ella-golden-turmeric-tagliolini/701426-802604-802605,Plants By Deliciously Ella Golden Turmeric Tagliolini,250g,£2.00,£8/kg,20% Off. Was £2.50,Dietary & Lifestyle
701106,Solgar Vitamin D3 (Cholecalciferol),G,false,2965,https://ecom-su-static-prod.wtrecom.com/images/products/3/LN_701106_BP_3.jpg,https://www.waitrose.com/ecom/products/solgar-vitamin-d3-cholecalciferol/701106-746217-746218,Solgar Vitamin D3 (Cholecalciferol),90s,£10.00,11.1p each,,Dietary & Lifestyle
699135,KIND Maple Pecan Almond,G,true,2966,https://ecom-su-static-prod.wtrecom.com/images/products/3/LN_699135_BP_3.jpg,https://www.waitrose.com/ecom/products/kind-maple-pecan-almond/699135-784538-784539,KIND Maple Pecan Almond,40g,£1.45,£3.63/100g,"£5 Food to Go Meal Deal: Add 1 Main, 1 Snack and 1 Drink",Dietary & Lifestyle
699041,Bassetts Vitamins Omega-3 & Multivitamins 3-6 Years,G,false,2967,https://ecom-su-static-prod.wtrecom.com/images/products/3/LN_699041_BP_3.jpg,https://www.waitrose.com/ecom/products/bassetts-vitamins-omega-3-multivitamins-3-6-years/699041-454645-454646,Bassetts Vitamins Omega-3 & Multivitamins 3-6 Years,30s,£6.30,21p each,,Dietary & Lifestyle
695650,Solgar Ester-C Plus 1000mg Vit C,G,false,2968,https://ecom-su-static-prod.wtrecom.com/images/products/3/LN_695650_BP_3.jpg,https://www.waitrose.com/ecom/products/solgar-ester-c-plus-1000mg-vit-c/695650-746213-746214,Solgar Ester-C Plus 1000mg Vit C,30s,£14.00,46.7p each,,Dietary & Lifestyle
695301,Ombar Vegan Centres Coconut & Vanilla Bar,G,false,2969,https://ecom-su-static-prod.wtrecom.com/images/products/3/LN_695301_BP_3.jpg,https://www.waitrose.com/ecom/products/ombar-vegan-centres-coconut-vanilla-bar/695301-678253-678254,Ombar Vegan Centres Coconut & Vanilla Bar,70g,£3.10,£4.43/100g,,Dietary & Lifestyle
694975,Olina's Gluten Free Natural Wafer Crackers,G,false,2970,https://ecom-su-static-prod.wtrecom.com/images/products/3/LN_694975_BP_3.jpg,https://www.waitrose.com/ecom/products/olinas-gluten-free-natural-wafer-crackers/694975-812499-812500,Olina's Gluten Free Natural Wafer Crackers,100g,£2.00,£2/100g,,Dietary & Lifestyle
693608,Graham's 10 Year Old Tawny Port,W,false,2971,https://ecom-su-static-prod.wtrecom.com/images/products/3/LN_693608_BP_3.jpg,https://www.waitrose.com/ecom/products/grahams-10-year-old-tawny-port/693608-141280-141281,Graham's 10 Year Old Tawny Port,75cl,£23.49,£23.49/75cl,,Dietary & Lifestyle
692931,Homethings Eco Dish Tabs 40W,G,false,2972,https://ecom-su-static-prod.wtrecom.com/images/products/3/LN_692931_BP_3.jpg,https://www.waitrose.com/ecom/products/homethings-eco-dish-tabs-40w/692931-778368-778369,Homethings Eco Dish Tabs 40W,40s,£9.50,23.8p each,,Dietary & Lifestyle
690962,Bulldog Original Face Wash,G,true,2973,https://ecom-su-static-prod.wtrecom.com/images/products/3/LN_690962_BP_3.jpg,https://www.waitrose.com/ecom/products/bulldog-original-face-wash/690962-98121-98122,Bulldog Original Face Wash,150ml,£3.50,£2.34/100ml,Save 1/3. Was £5.25,Dietary & Lifestyle
689751,Rude Health Almond & Hazelnut Granola,G,true,2974,https://ecom-su-static-prod.wtrecom.com/images/products/3/LN_689751_BP_3.jpg,https://www.waitrose.com/ecom/products/rude-health-almond-hazelnut-granola/689751-741891-741892,Rude Health Almond & Hazelnut Granola,400g,£2.45,61.3p/100g,Save 1/3. Was £3.70,Dietary & Lifestyle
688927,Ella's Kitchen Organic Apple & Cinnamon Crumble 7+ Months,G,false,2975,https://ecom-su-static-prod.wtrecom.com/images/products/3/LN_688927_BP_3.jpg,https://www.waitrose.com/ecom/products/ellas-kitchen-organic-apple-cinnamon-crumble-7-months/688927-509358-509359,Ella's Kitchen Organic Apple & Cinnamon Crumble 7+ Months,4x80g,£2.35,73.4p/100g,,Dietary & Lifestyle
688681,Scrumbles Chicken Adult & Senior Dry Cat Food 750g,G,true,2976,https://ecom-su-static-prod.wtrecom.com/images/products/3/LN_688681_BP_3.jpg,https://www.waitrose.com/ecom/products/scrumbles-chicken-adult-senior-dry-cat-food-750g/688681-790706-790707,Scrumbles Chicken Adult & Senior Dry Cat Food 750g,750g,£6.00,£8/kg,save £2.00. Was £8.00,Dietary & Lifestyle
688386,Little Soap Co. Pure English Lavender Handsoap,G,false,2977,https://ecom-su-static-prod.wtrecom.com/images/products/3/LN_688386_BP_3.jpg,https://www.waitrose.com/ecom/products/little-soap-co-pure-english-lavender-handsoap/688386-454583-454584,Little Soap Co. Pure English Lavender Handsoap,250ml,£6.00,£2.40/100ml,,Dietary & Lifestyle
688266,La Fauxmagerie Shoreditch Smoked Vegan Cheese,G,false,2978,https://ecom-su-static-prod.wtrecom.com/images/products/3/LN_688266_BP_3.jpg,https://www.waitrose.com/ecom/products/la-fauxmagerie-shoreditch-smoked-vegan-cheese/688266-780113-780114,La Fauxmagerie Shoreditch Smoked Vegan Cheese,100g,£4.50,£45/kg,,Dietary & Lifestyle
687518,Parla Pro Toothpaste Tabs,G,false,2979,https://ecom-su-static-prod.wtrecom.com/images/products/3/LN_687518_BP_3.jpg,https://www.waitrose.com/ecom/products/parla-pro-toothpaste-tabs/687518-776770-776771,Parla Pro Toothpaste Tabs,62s,£11.55,18.6p each,,Dietary & Lifestyle
687250,Balance Me Moisture Rich Face Cream,G,false,2980,https://ecom-su-static-prod.wtrecom.com/images/products/3/LN_687250_BP_3.jpg,https://www.waitrose.com/ecom/products/balance-me-moisture-rich-face-cream/687250-136092-136093,Balance Me Moisture Rich Face Cream,50ml,£26.00,£52/100ml,,Dietary & Lifestyle
687105,Ella's Kitchen Red Peppers & Apples,G,false,2981,https://ecom-su-static-prod.wtrecom.com/images/products/3/LN_687105_BP_3.jpg,https://www.waitrose.com/ecom/products/ellas-kitchen-red-peppers-apples/687105-268176-268177,Ella's Kitchen Red Peppers & Apples,120g,£1.35,£1.13/100g,,Dietary & Lifestyle
686846,Dorset Cereals Simply Vanilla Porridge Cereal,G,false,2982,https://ecom-su-static-prod.wtrecom.com/images/products/3/LN_686846_BP_3.jpg,https://www.waitrose.com/ecom/products/dorset-cereals-simply-vanilla-porridge-cereal/686846-808074-808075,Dorset Cereals Simply Vanilla Porridge Cereal,400g,£2.95,73.8p/100g,,Dietary & Lifestyle
686423,JUBEL Beer Mixed Pack,G,false,2983,https://ecom-su-static-prod.wtrecom.com/images/products/3/LN_686423_BP_3.jpg,https://www.waitrose.com/ecom/products/jubel-beer-mixed-pack/686423-823707-823708,JUBEL Beer Mixed Pack,8x330ml,£13.00,£4.93/litre,,Dietary & Lifestyle
685936,Booja-Booja Honeycomb Caramel,G,false,2984,https://ecom-su-static-prod.wtrecom.com/images/products/3/LN_685936_BP_3.jpg,https://www.waitrose.com/ecom/products/booja-booja-honeycomb-caramel/685936-806687-806688,Booja-Booja Honeycomb Caramel,92g,£6.50,£7.07/100g,,Dietary & Lifestyle
684789,Childs Farm Conditioner,G,false,2985,https://ecom-su-static-prod.wtrecom.com/images/products/3/LN_684789_BP_3.jpg,https://www.waitrose.com/ecom/products/childs-farm-conditioner/684789-666247-666248,Childs Farm Conditioner,500ml,£8.40,£1.68/100ml,,Dietary & Lifestyle
684657,Kiddylicious Cheesy Straws,G,true,2986,https://ecom-su-static-prod.wtrecom.com/images/products/3/LN_684657_BP_3.jpg,https://www.waitrose.com/ecom/products/kiddylicious-cheesy-straws/684657-583796-583797,Kiddylicious Cheesy Straws,12g,60p,£5/100g,save 35p. Was 95p,Dietary & Lifestyle
684222,OGGS Chocolate Fudge Cakes,G,false,2987,https://ecom-su-static-prod.wtrecom.com/images/products/3/LN_684222_BP_3.jpg,https://www.waitrose.com/ecom/products/oggs-chocolate-fudge-cakes/684222-693822-693823,OGGS Chocolate Fudge Cakes,4x46g,£4.15,£2.26/100g,,Dietary & Lifestyle
683446,Twinings Soulful Blends Little Lift Tea Bags 20,G,false,2988,https://ecom-su-static-prod.wtrecom.com/images/products/3/LN_683446_BP_3.jpg,https://www.waitrose.com/ecom/products/twinings-soulful-blends-little-lift-tea-bags-20/683446-801186-801187,Twinings Soulful Blends Little Lift Tea Bags 20,36g,£3.70,£10.28/100g,,Dietary & Lifestyle
682671,Wellwoman 50+ Tablets,G,false,2989,https://ecom-su-static-prod.wtrecom.com/images/products/3/LN_682671_BP_3.jpg,https://www.waitrose.com/ecom/products/wellwoman-50-tablets/682671-96986-96987,Wellwoman 50+ Tablets,30s,£10.40,34.7p each,,Dietary & Lifestyle
682393,Freee Gluten Free White Bread Flour,G,false,2990,https://ecom-su-static-prod.wtrecom.com/images/products/3/LN_682393_BP_3.jpg,https://www.waitrose.com/ecom/products/freee-gluten-free-white-bread-flour/682393-777165-777166,Freee Gluten Free White Bread Flour,1Kg,£2.10,£2.10/kg,,Dietary & Lifestyle
681925,No.1 Jasmine Pearls Loose Leaf Green Tea,G,false,2991,https://ecom-su-static-prod.wtrecom.com/images/products/3/LN_681925_BP_3.jpg,https://www.waitrose.com/ecom/products/no1-jasmine-pearls-loose-leaf-green-tea/681925-773256-773257,No.1 Jasmine Pearls Loose Leaf Green Tea,75g,£5.10,£6.80/100g,,Dietary & Lifestyle
681496,Brite Focus Natural Nootropic Lemon Lime,G,true,2992,https://ecom-su-static-prod.wtrecom.com/images/products/3/LN_681496_BP_3.jpg,https://www.waitrose.com/ecom/products/brite-focus-natural-nootropic-lemon-lime/681496-806305-806306,Brite Focus Natural Nootropic Lemon Lime,4x330ml,£4.85,36.7p/100ml,25% Off. Was £6.50,Dietary & Lifestyle
680928,Umberto Giannini Curl Jelly Care Conditioner,G,false,2993,https://ecom-su-static-prod.wtrecom.com/images/products/3/LN_680928_BP_3.jpg,https://www.waitrose.com/ecom/products/umberto-giannini-curl-jelly-care-conditioner/680928-695663-695664,Umberto Giannini Curl Jelly Care Conditioner,250ml,£9.40,£3.76/100ml,,Dietary & Lifestyle
677478,Crosta & Mollica Apricot Crostata 4 Tartlets,G,false,2994,https://ecom-su-static-prod.wtrecom.com/images/products/3/LN_677478_BP_3.jpg,https://www.waitrose.com/ecom/products/crosta-mollica-apricot-crostata-4-tartlets/677478-806181-806182,Crosta & Mollica Apricot Crostata 4 Tartlets,160g,£3.50,£2.19/100g,,Dietary & Lifestyle
671972,Sipsmith London Dry Light G&T,G,true,2995,https://ecom-su-static-prod.wtrecom.com/images/products/3/LN_671972_BP_3.jpg,https://www.waitrose.com/ecom/products/sipsmith-london-dry-light-gt/671972-695128-695129,Sipsmith London Dry Light G&T,250ml,£3.10,£12.40/litre,Mix & Match Add 4 for 3 Cheapest Item Free,Dietary & Lifestyle
671945,TENZING Pineapple & Passionfruit,G,false,2996,https://ecom-su-static-prod.wtrecom.com/images/products/3/LN_671945_BP_3.jpg,https://www.waitrose.com/ecom/products/tenzing-pineapple-passionfruit/671945-806303-806304,TENZING Pineapple & Passionfruit,4x250ml,£5.75,57.5p/100ml,,Dietary & Lifestyle
670037,Waitrose Vitamin B Effervescent Orange,G,false,2997,https://ecom-su-static-prod.wtrecom.com/images/products/3/LN_670037_BP_3.jpg,https://www.waitrose.com/ecom/products/waitrose-vitamin-b-effervescent-orange/670037-764278-764279,Waitrose Vitamin B Effervescent Orange,20Each,£2.20,11p each,,Dietary & Lifestyle
667449,Vagisil ProHydrate Gel,G,false,2998,https://ecom-su-static-prod.wtrecom.com/images/products/3/LN_667449_BP_3.jpg,https://www.waitrose.com/ecom/products/vagisil-prohydrate-gel/667449-625181-625182,Vagisil ProHydrate Gel,30g,£10.00,£33.34/100g,,Dietary & Lifestyle
667021,Violife Smoky Cheddar Alternative Sliced Cheese,G,false,2999,https://ecom-su-static-prod.wtrecom.com/images/products/3/LN_667021_BP_3.jpg,https://www.waitrose.com/ecom/products/violife-smoky-cheddar-alternative-sliced-cheese/667021-769158-769159,Violife Smoky Cheddar Alternative Sliced Cheese,200g,£2.95,£14.75/kg,,Dietary & Lifestyle
666435,TENZING Raspberry & Yuzu,G,false,3000,https://ecom-su-static-prod.wtrecom.com/images/products/3/LN_666435_BP_3.jpg,https://www.waitrose.com/ecom/products/tenzing-raspberry-yuzu/666435-806297-806298,TENZING Raspberry & Yuzu,4x250ml,£5.75,57.5p/100ml,,Dietary & Lifestyle
666195,Faith In Nature Shea & Argan Hair Mask,G,false,3001,https://ecom-su-static-prod.wtrecom.com/images/products/3/LN_666195_BP_3.jpg,https://www.waitrose.com/ecom/products/faith-in-nature-shea-argan-hair-mask/666195-769804-769805,Faith In Nature Shea & Argan Hair Mask,300ml,£8.00,£2.67/100ml,,Dietary & Lifestyle
664030,Food Thoughts Oat Mylk Chocolate Chips,G,false,3002,https://ecom-su-static-prod.wtrecom.com/images/products/3/LN_664030_BP_3.jpg,https://www.waitrose.com/ecom/products/food-thoughts-oat-mylk-chocolate-chips/664030-810755-810756,Food Thoughts Oat Mylk Chocolate Chips,200g,£4.60,£2.30/100g,,Dietary & Lifestyle
663410,Pregnacare Max,G,false,3003,https://ecom-su-static-prod.wtrecom.com/images/products/3/LN_663410_BP_3.jpg,https://www.waitrose.com/ecom/products/pregnacare-max/663410-174598-174598,Pregnacare Max,84s,£19.95,23.8p each,,Dietary & Lifestyle
660917,Squeaky Bean Vegan Chargrilled Cajun Mini Fillets,G,false,3004,https://ecom-su-static-prod.wtrecom.com/images/products/3/LN_660917_BP_3.jpg,https://www.waitrose.com/ecom/products/squeaky-bean-vegan-chargrilled-cajun-mini-fillets/660917-794576-794577,Squeaky Bean Vegan Chargrilled Cajun Mini Fillets,120g,£3.50,£29.17/kg,,Dietary & Lifestyle
660623,Bulldog Original Natural Deodorant,G,true,3005,https://ecom-su-static-prod.wtrecom.com/images/products/3/LN_660623_BP_3.jpg,https://www.waitrose.com/ecom/products/bulldog-original-natural-deodorant/660623-719646-719647,Bulldog Original Natural Deodorant,75ml,£3.15,£4.20/100ml,Save 1/3. Was £4.75,Dietary & Lifestyle
660270,Weleda Citrus Roll-On Deodorant,G,false,3006,https://ecom-su-static-prod.wtrecom.com/images/products/3/LN_660270_BP_3.jpg,https://www.waitrose.com/ecom/products/weleda-citrus-roll-on-deodorant/660270-729738-729739,Weleda Citrus Roll-On Deodorant,50ml,£8.65,£17.30/100ml,,Dietary & Lifestyle
659810,Moo Free Vegan Choccy Buttons,G,false,3007,https://ecom-su-static-prod.wtrecom.com/images/products/3/LN_659810_BP_3.jpg,https://www.waitrose.com/ecom/products/moo-free-vegan-choccy-buttons/659810-745241-745242,Moo Free Vegan Choccy Buttons,25g,95p,£3.80/100g,,Dietary & Lifestyle
658766,Naturya Organic Spirulina Powder,G,true,3008,https://ecom-su-static-prod.wtrecom.com/images/products/3/LN_658766_BP_3.jpg,https://www.waitrose.com/ecom/products/naturya-organic-spirulina-powder/658766-492069-492070,Naturya Organic Spirulina Powder,100g,£4.50,£45/kg,25% Off. Was £6.00,Dietary & Lifestyle
657872,Rude Health 5 Grain 5 Seed Porridge,G,true,3009,https://ecom-su-static-prod.wtrecom.com/images/products/3/LN_657872_BP_3.jpg,https://www.waitrose.com/ecom/products/rude-health-5-grain-5-seed-porridge/657872-741861-741862,Rude Health 5 Grain 5 Seed Porridge,400g,£2.05,51.3p/100g,Save 1/3. Was £3.10,Dietary & Lifestyle
657013,Dorset Cereals Cherry & Almond Porridge,G,false,3010,https://ecom-su-static-prod.wtrecom.com/images/products/3/LN_657013_BP_3.jpg,https://www.waitrose.com/ecom/products/dorset-cereals-cherry-almond-porridge/657013-808070-808071,Dorset Cereals Cherry & Almond Porridge,400g,£2.95,73.8p/100g,,Dietary & Lifestyle
656736,Wild Deodorant Kit Fresh Cotton,G,false,3011,https://ecom-su-static-prod.wtrecom.com/images/products/3/LN_656736_BP_3.jpg,https://www.waitrose.com/ecom/products/wild-deodorant-kit-fresh-cotton/656736-772628-772629,Wild Deodorant Kit Fresh Cotton,142g,£13.65,£9.62/100g,,Dietary & Lifestyle
655601,Duchy Organic Afternoon Blend 25 Tea Bags,G,false,3012,https://ecom-su-static-prod.wtrecom.com/images/products/3/LN_655601_BP_3.jpg,https://www.waitrose.com/ecom/products/duchy-organic-afternoon-blend-25-tea-bags/655601-301167-301168,Duchy Organic Afternoon Blend 25 Tea Bags,62.5g,£2.00,£3.20/100g,,Dietary & Lifestyle
655481,Teapigs Green Tea with Mint 15 Tea Temples,G,false,3013,https://ecom-su-static-prod.wtrecom.com/images/products/3/LN_655481_BP_3.jpg,https://www.waitrose.com/ecom/products/teapigs-green-tea-with-mint-15-tea-temples/655481-381268-381269,Teapigs Green Tea with Mint 15 Tea Temples,37.5g,£4.75,£12.67/100g,,Dietary & Lifestyle
655089,Hilltop Everyday Blossom Honey,G,false,3014,https://ecom-su-static-prod.wtrecom.com/images/products/3/LN_655089_BP_3.jpg,https://www.waitrose.com/ecom/products/hilltop-everyday-blossom-honey/655089-746383-746384,Hilltop Everyday Blossom Honey,340g,£2.75,80.9p/100g,,Dietary & Lifestyle
654221,Little Moons Refreshos Pineapple,G,true,3015,https://ecom-su-static-prod.wtrecom.com/images/products/3/LN_654221_BP_3.jpg,https://www.waitrose.com/ecom/products/little-moons-refreshos-pineapple/654221-801958-801959,Little Moons Refreshos Pineapple,192g,£3.75,£1.96/100g,save £1.25. Was £5.00,Dietary & Lifestyle
652822,Clean Co Clean G Non-Alcoholic Gin Replacement,G,false,3016,https://ecom-su-static-prod.wtrecom.com/images/products/3/LN_652822_BP_3.jpg,https://www.waitrose.com/ecom/products/clean-co-clean-g-non-alcoholic-gin-replacement/652822-793502-793503,Clean Co Clean G Non-Alcoholic Gin Replacement,70cl,£17.00,£24.29/litre,,Dietary & Lifestyle
651544,Ella's Kitchen Caribbean Chicken,G,false,3017,https://ecom-su-static-prod.wtrecom.com/images/products/3/LN_651544_BP_3.jpg,https://www.waitrose.com/ecom/products/ellas-kitchen-caribbean-chicken/651544-92477-92478,Ella's Kitchen Caribbean Chicken,190g,£2.20,£1.16/100g,,Dietary & Lifestyle
651525,Schär Gluten Free Melto,G,false,3018,https://ecom-su-static-prod.wtrecom.com/images/products/3/LN_651525_BP_3.jpg,https://www.waitrose.com/ecom/products/schar-gluten-free-melto/651525-722211-722212,Schär Gluten Free Melto,30g,£1.10,£3.67/100g,,Dietary & Lifestyle
646880,Spatone Liquid Iron Apple,G,false,3019,https://ecom-su-static-prod.wtrecom.com/images/products/3/LN_646880_BP_3.jpg,https://www.waitrose.com/ecom/products/spatone-liquid-iron-apple/646880-141236-141237,Spatone Liquid Iron Apple,28x25ml,£17.20,£2.46/100ml,,Dietary & Lifestyle
645365,Insane Grain Gluten Free BBQ Sticks,G,true,3020,https://ecom-su-static-prod.wtrecom.com/images/products/3/LN_645365_BP_3.jpg,https://www.waitrose.com/ecom/products/insane-grain-gluten-free-bbq-sticks/645365-812475-812476,Insane Grain Gluten Free BBQ Sticks,80g,£1.50,£1.88/100g,save 50p. Was £2.00,Dietary & Lifestyle
641865,Free From Fellows Vanilla Vegan Mallows,G,false,3021,https://ecom-su-static-prod.wtrecom.com/images/products/3/LN_641865_BP_3.jpg,https://www.waitrose.com/ecom/products/free-from-fellows-vanilla-vegan-mallows/641865-777157-777158,Free From Fellows Vanilla Vegan Mallows,105g,£2.00,£1.91/100g,,Dietary & Lifestyle
641811,Weleda Skin Food,G,false,3022,https://ecom-su-static-prod.wtrecom.com/images/products/3/LN_641811_BP_3.jpg,https://www.waitrose.com/ecom/products/weleda-skin-food/641811-472395-472396,Weleda Skin Food,75ml,£14.20,£18.94/100ml,,Dietary & Lifestyle
641305,Teapigs Everyday Brew Tea 15 Tea Temples,G,false,3023,https://ecom-su-static-prod.wtrecom.com/images/products/3/LN_641305_BP_3.jpg,https://www.waitrose.com/ecom/products/teapigs-everyday-brew-tea-15-tea-temples/641305-91061-91062,Teapigs Everyday Brew Tea 15 Tea Temples,49.5g,£4.75,£9.60/100g,,Dietary & Lifestyle
641263,Lazy Day Gluten Free & Vegan Salted Caramel Crispies,G,false,3024,https://ecom-su-static-prod.wtrecom.com/images/products/3/LN_641263_BP_3.jpg,https://www.waitrose.com/ecom/products/lazy-day-gluten-free-vegan-salted-caramel-crispies/641263-791135-791136,Lazy Day Gluten Free & Vegan Salted Caramel Crispies,150g,£2.65,£1.77/100g,,Dietary & Lifestyle
636975,Crosta & Mollica Sorbetto Pomegranate,G,true,3025,https://ecom-su-static-prod.wtrecom.com/images/products/3/LN_636975_BP_3.jpg,https://www.waitrose.com/ecom/products/crosta-mollica-sorbetto-pomegranate/636975-804128-804129,Crosta & Mollica Sorbetto Pomegranate,150g,£4.40,£2.94/100g,20% Off. Was £5.50,Dietary & Lifestyle
636641,Nip+Fab Daily Cleansing Pads,G,true,3026,https://ecom-su-static-prod.wtrecom.com/images/products/3/LN_636641_BP_3.jpg,https://www.waitrose.com/ecom/products/nipfab-daily-cleansing-pads/636641-667086-667087,Nip+Fab Daily Cleansing Pads,60s,£11.90,19.8p each,Save 1/3. Was £17.85,Dietary & Lifestyle
635794,Waitrose Italian Gianduiotti Box,G,false,3027,https://ecom-su-static-prod.wtrecom.com/images/products/3/LN_635794_BP_3.jpg,https://www.waitrose.com/ecom/products/waitrose-italian-gianduiotti-box/635794-674620-674621,Waitrose Italian Gianduiotti Box,240g,£6.00,£2.50/100g,,Dietary & Lifestyle
635697,Belazu 1.25 Balsamic Vinegar of Modena,G,false,3028,https://ecom-su-static-prod.wtrecom.com/images/products/3/LN_635697_BP_3.jpg,https://www.waitrose.com/ecom/products/belazu-125-balsamic-vinegar-of-modena/635697-547040-547041,Belazu 1.25 Balsamic Vinegar of Modena,250ml,£9.75,£3.90/100ml,,Dietary & Lifestyle
634734,Freee Organic Gluten Free Supergrain Hoops 300g,G,false,3029,https://ecom-su-static-prod.wtrecom.com/images/products/3/LN_634734_BP_3.jpg,https://www.waitrose.com/ecom/products/freee-organic-gluten-free-supergrain-hoops-300g/634734-758083-758084,Freee Organic Gluten Free Supergrain Hoops 300g,300g,£3.55,£1.19/100g,,Dietary & Lifestyle
632908,Eco Warrior Mens All Over Body Bar,G,false,3030,https://ecom-su-static-prod.wtrecom.com/images/products/3/LN_632908_BP_3.jpg,https://www.waitrose.com/ecom/products/eco-warrior-mens-all-over-body-bar/632908-784990-784991,Eco Warrior Mens All Over Body Bar,100g,£4.00,£4/100g,,Dietary & Lifestyle
632765,Brew Tea Co Earl Grey Loose Leaf Tea,G,false,3031,https://ecom-su-static-prod.wtrecom.com/images/products/3/LN_632765_BP_3.jpg,https://www.waitrose.com/ecom/products/brew-tea-co-earl-grey-loose-leaf-tea/632765-381238-381239,Brew Tea Co Earl Grey Loose Leaf Tea,113g,£6.00,£5.31/100g,,Dietary & Lifestyle
632627,Nc'nean Organic Single Malt Whisky,G,false,3032,https://ecom-su-static-prod.wtrecom.com/images/products/3/LN_632627_BP_3.jpg,https://www.waitrose.com/ecom/products/ncnean-organic-single-malt-whisky/632627-818698-818699,Nc'nean Organic Single Malt Whisky,70cl,£55.00,£78.58/litre,,Dietary & Lifestyle
631783,Violife Le Rond Vegan Camembert Cheese Block,G,false,3033,https://ecom-su-static-prod.wtrecom.com/images/products/3/LN_631783_BP_3.jpg,https://www.waitrose.com/ecom/products/violife-le-rond-vegan-camembert-cheese-block/631783-769140-769141,Violife Le Rond Vegan Camembert Cheese Block,150g,£3.40,£22.67/kg,,Dietary & Lifestyle
630978,Tisserand Total De-Stress Wash,G,true,3034,https://ecom-su-static-prod.wtrecom.com/images/products/3/LN_630978_BP_3.jpg,https://www.waitrose.com/ecom/products/tisserand-total-de-stress-wash/630978-707108-707109,Tisserand Total De-Stress Wash,400ml,£8.96,£2.24/100ml,25% Off. Was £11.95,Dietary & Lifestyle
629045,Pieminister Mooless Moo Pie,G,true,3035,https://ecom-su-static-prod.wtrecom.com/images/products/3/LN_629045_BP_3.jpg,https://www.waitrose.com/ecom/products/pieminister-mooless-moo-pie/629045-741216-741217,Pieminister Mooless Moo Pie,270g,£4.70,£1.75/100g,Add 2 for £7.50,Dietary & Lifestyle
627483,Teapigs Chai Tea 15 Tea Temples,G,false,3036,https://ecom-su-static-prod.wtrecom.com/images/products/3/LN_627483_BP_3.jpg,https://www.waitrose.com/ecom/products/teapigs-chai-tea-15-tea-temples/627483-89066-89067,Teapigs Chai Tea 15 Tea Temples,52.5g,£4.75,£9.05/100g,,Dietary & Lifestyle
626525,No.1 Perfectly Soft Dried Mango,G,false,3037,https://ecom-su-static-prod.wtrecom.com/images/products/3/LN_626525_BP_3.jpg,https://www.waitrose.com/ecom/products/no1-perfectly-soft-dried-mango/626525-493056-493057,No.1 Perfectly Soft Dried Mango,125g,£4.25,£34/kg,,Dietary & Lifestyle
625890,VFC Vegan Fried Chicken Tenders,G,false,3038,https://ecom-su-static-prod.wtrecom.com/images/products/3/LN_625890_BP_3.jpg,https://www.waitrose.com/ecom/products/vfc-vegan-fried-chicken-tenders/625890-801938-801939,VFC Vegan Fried Chicken Tenders,200g,£3.15,£1.58/100g,,Dietary & Lifestyle
625836,Duchy Organic Beetroot,G,false,3039,https://ecom-su-static-prod.wtrecom.com/images/products/3/LN_625836_BP_3.jpg,https://www.waitrose.com/ecom/products/duchy-organic-beetroot/625836-619861-619862,Duchy Organic Beetroot,bunch,£2.10,£2.10 each,,Dietary & Lifestyle
625371,Whole Earth Drizzler Golden Roasted,G,false,3040,https://ecom-su-static-prod.wtrecom.com/images/products/3/LN_625371_BP_3.jpg,https://www.waitrose.com/ecom/products/whole-earth-drizzler-golden-roasted/625371-778336-778337,Whole Earth Drizzler Golden Roasted,320g,£3.45,£1.08/100g,,Dietary & Lifestyle
624625,Heinz Vegan Cream of Tomato Soup,G,true,3041,https://ecom-su-static-prod.wtrecom.com/images/products/3/LN_624625_BP_3.jpg,https://www.waitrose.com/ecom/products/heinz-vegan-cream-of-tomato-soup/624625-800304-800305,Heinz Vegan Cream of Tomato Soup,400g,£1.80,45p/100g,Add 3 for £4.50,Dietary & Lifestyle
621756,TRIBE Protein Muesli Low Sugar Nut Crunch,G,true,3042,https://ecom-su-static-prod.wtrecom.com/images/products/3/LN_621756_BP_3.jpg,https://www.waitrose.com/ecom/products/tribe-protein-muesli-low-sugar-nut-crunch/621756-808066-808067,TRIBE Protein Muesli Low Sugar Nut Crunch,400g,£3.00,75p/100g,save £1.00. Was £4.00,Dietary & Lifestyle
621432,Jim Jams Milk Chocolate Spread,G,false,3043,https://ecom-su-static-prod.wtrecom.com/images/products/3/LN_621432_BP_3.jpg,https://www.waitrose.com/ecom/products/jim-jams-milk-chocolate-spread/621432-696939-696940,Jim Jams Milk Chocolate Spread,350g,£2.95,84.3p/100g,,Dietary & Lifestyle
621138,Waitrose Vitamin C Chewable,G,false,3044,https://ecom-su-static-prod.wtrecom.com/images/products/3/LN_621138_BP_3.jpg,https://www.waitrose.com/ecom/products/waitrose-vitamin-c-chewable/621138-236258-236259,Waitrose Vitamin C Chewable,90s,£4.00,4.4p each,,Dietary & Lifestyle
620757,PureHA Pure Oral Hyaluronic Acid,G,false,3045,https://ecom-su-static-prod.wtrecom.com/images/products/3/LN_620757_BP_3.jpg,https://www.waitrose.com/ecom/products/pureha-pure-oral-hyaluronic-acid/620757-384002-384003,PureHA Pure Oral Hyaluronic Acid,30s,£33.00,£1.10 each,,Dietary & Lifestyle
620271,Waitrose Mushroom w Porcini Sauce,G,false,3046,https://ecom-su-static-prod.wtrecom.com/images/products/3/LN_620271_BP_3.jpg,https://www.waitrose.com/ecom/products/waitrose-mushroom-w-porcini-sauce/620271-211700-211701,Waitrose Mushroom w Porcini Sauce,350g,£2.95,84.3p/100g,,Dietary & Lifestyle
618918,Solgar Formula Vit B-Complex,G,false,3047,https://ecom-su-static-prod.wtrecom.com/images/products/3/LN_618918_BP_3.jpg,https://www.waitrose.com/ecom/products/solgar-formula-vit-b-complex/618918-746187-746188,Solgar Formula Vit B-Complex,50Each,£11.00,22p each,,Dietary & Lifestyle
617636,Tofu Tasty Craft Tofu Knots,G,false,3048,https://ecom-su-static-prod.wtrecom.com/images/products/3/LN_617636_BP_3.jpg,https://www.waitrose.com/ecom/products/tofu-tasty-craft-tofu-knots/617636-782996-782997,Tofu Tasty Craft Tofu Knots,150g,£3.75,£25/kg,,Dietary & Lifestyle
617578,Mr Organic Tomato & Basil Soup,G,false,3049,https://ecom-su-static-prod.wtrecom.com/images/products/3/LN_617578_BP_3.jpg,https://www.waitrose.com/ecom/products/mr-organic-tomato-basil-soup/617578-814975-814976,Mr Organic Tomato & Basil Soup,400g,£1.95,48.8p/100g,,Dietary & Lifestyle
616437,Lily's Kitchen Shredded Fillets Mixed Multipack Wet Food for Cats,G,false,3050,https://ecom-su-static-prod.wtrecom.com/images/products/3/LN_616437_BP_3.jpg,https://www.waitrose.com/ecom/products/lilys-kitchen-shredded-fillets-mixed-multipack-wet-food-for-cats/616437-749877-749877,Lily's Kitchen Shredded Fillets Mixed Multipack Wet Food for Cats,8x70g,£11.00,£19.65/kg,,Dietary & Lifestyle
616235,Kiddylicious Raspberry Buttons,G,false,3051,https://ecom-su-static-prod.wtrecom.com/images/products/3/LN_616235_BP_3.jpg,https://www.waitrose.com/ecom/products/kiddylicious-raspberry-buttons/616235-730734-730735,Kiddylicious Raspberry Buttons,5x6g,£2.80,£9.34/100g,,Dietary & Lifestyle
614470,NOMO Vegan Creamy Chocolate Bar,G,false,3052,https://ecom-su-static-prod.wtrecom.com/images/products/3/LN_614470_BP_3.jpg,https://www.waitrose.com/ecom/products/nomo-vegan-creamy-chocolate-bar/614470-701966-701967,NOMO Vegan Creamy Chocolate Bar,38g,£1.20,£3.16/100g,,Dietary & Lifestyle
612987,Holy Cow! Goan Curry Sauce,G,true,3053,https://ecom-su-static-prod.wtrecom.com/images/products/3/LN_612987_BP_3.jpg,https://www.waitrose.com/ecom/products/holy-cow-goan-curry-sauce/612987-755951-755952,Holy Cow! Goan Curry Sauce,250g,£2.00,80p/100g,Reduced to Clear. Was £2.50,Dietary & Lifestyle
612706,PlantLiving: Indian Inspired Takeaway Feast,G,false,3054,https://ecom-su-static-prod.wtrecom.com/images/products/3/LN_612706_BP_3.jpg,https://www.waitrose.com/ecom/products/plantliving-indian-inspired-takeaway-feast/612706-780456-780456,PlantLiving: Indian Inspired Takeaway Feast,1388g,£11.00,79.3p/100g,,Dietary & Lifestyle
611701,Belazu Vegan Ve-Du-Ya Paste,G,false,3055,https://ecom-su-static-prod.wtrecom.com/images/products/3/LN_611701_BP_3.jpg,https://www.waitrose.com/ecom/products/belazu-vegan-ve-du-ya-paste/611701-784978-784979,Belazu Vegan Ve-Du-Ya Paste,170g,£4.45,£2.62/100g,,Dietary & Lifestyle
610720,Tony's Chocolonely Dark Almond Sea Salt,G,false,3056,https://ecom-su-static-prod.wtrecom.com/images/products/3/LN_610720_BP_3.jpg,https://www.waitrose.com/ecom/products/tonys-chocolonely-dark-almond-sea-salt/610720-763908-763909,Tony's Chocolonely Dark Almond Sea Salt,47g,£1.40,£2.98/100g,,Dietary & Lifestyle
610164,BEAR Yo Yos Blackcurrant,G,false,3057,https://ecom-su-static-prod.wtrecom.com/images/products/3/LN_610164_BP_3.jpg,https://www.waitrose.com/ecom/products/bear-yo-yos-blackcurrant/610164-336160-336161,BEAR Yo Yos Blackcurrant,9s,£4.90,54.4p each,,Dietary & Lifestyle
609956,KIND Dark Chocolate Nuts & Sea Salt,G,true,3058,https://ecom-su-static-prod.wtrecom.com/images/products/3/LN_609956_BP_3.jpg,https://www.waitrose.com/ecom/products/kind-dark-chocolate-nuts-sea-salt/609956-497888-497889,KIND Dark Chocolate Nuts & Sea Salt,40g,£1.45,£3.63/100g,"£5 Food to Go Meal Deal: Add 1 Main, 1 Snack and 1 Drink",Dietary & Lifestyle
609017,PlantLiving: Hoisin No Duck Wrap,G,true,3059,https://ecom-su-static-prod.wtrecom.com/images/products/3/LN_609017_BP_3.jpg,https://www.waitrose.com/ecom/products/plantliving-hoisin-no-duck-wrap/609017-771383-771384,PlantLiving: Hoisin No Duck Wrap,each,£3.90,£3.90 each,"£5 Food to Go Meal Deal: Add 1 Main, 1 Snack and 1 Drink",Dietary & Lifestyle
608314,Waitrose Desserts Collection,G,true,3060,https://ecom-su-static-prod.wtrecom.com/images/products/3/LN_608314_BP_3.jpg,https://www.waitrose.com/ecom/products/waitrose-desserts-collection/608314-759090-759091,Waitrose Desserts Collection,98g,£4.40,£4.49/100g,20% Off. Was £5.50,Dietary & Lifestyle
606047,Graze Cocoa & Vanilla Flapjack,G,true,3061,https://ecom-su-static-prod.wtrecom.com/images/products/3/LN_606047_BP_3.jpg,https://www.waitrose.com/ecom/products/graze-cocoa-vanilla-flapjack/606047-525680-525681,Graze Cocoa & Vanilla Flapjack,50g,£1.25,£2.50/100g,"£5 Food to Go Meal Deal: Add 1 Main, 1 Snack and 1 Drink",Dietary & Lifestyle
605521,GoVeggie: 2 Vegetarian Spinach Feta & Chickpea Burgers,G,false,3062,https://ecom-su-static-prod.wtrecom.com/images/products/3/LN_605521_BP_3.jpg,https://www.waitrose.com/ecom/products/goveggie-2-vegetarian-spinach-feta-chickpea-burgers/605521-762406-762407,GoVeggie: 2 Vegetarian Spinach Feta & Chickpea Burgers,200g,£2.75,£13.75/kg,,Dietary & Lifestyle
604601,Charlie Bigham's Chicken & Ham En Croute for 2,G,false,3063,https://ecom-su-static-prod.wtrecom.com/images/products/3/LN_604601_BP_3.jpg,https://www.waitrose.com/ecom/products/charlie-bighams-chicken-ham-en-croute-for-2/604601-772474-772475,Charlie Bigham's Chicken & Ham En Croute for 2,465g,£9.25,£19.90/kg,,Dietary & Lifestyle
603923,Get Buzzing 3 Nut Free Berry Bars,G,true,3064,https://ecom-su-static-prod.wtrecom.com/images/products/3/LN_603923_BP_3.jpg,https://www.waitrose.com/ecom/products/get-buzzing-3-nut-free-berry-bars/603923-399803-399804,Get Buzzing 3 Nut Free Berry Bars,3x62g,£2.00,£1.08/100g,save 50p. Was £2.50,Dietary & Lifestyle
603455,Menopace Night,G,true,3065,https://ecom-su-static-prod.wtrecom.com/images/products/3/LN_603455_BP_3.jpg,https://www.waitrose.com/ecom/products/menopace-night/603455-85613-85614,Menopace Night,30s,£8.83,29.4p each,Save 1/3. Was £13.25,Dietary & Lifestyle
603287,itsu Frozen Veggie 6 Bao'Buns,G,true,3066,https://ecom-su-static-prod.wtrecom.com/images/products/3/LN_603287_BP_3.jpg,https://www.waitrose.com/ecom/products/itsu-frozen-veggie-6-baobuns/603287-720205-720206,itsu Frozen Veggie 6 Bao'Buns,270g,£3.55,£13.15/kg,20% Off. Was £4.45,Dietary & Lifestyle
602107,Seven Seas Jointcare Active,G,false,3067,https://ecom-su-static-prod.wtrecom.com/images/products/3/LN_602107_BP_3.jpg,https://www.waitrose.com/ecom/products/seven-seas-jointcare-active/602107-311225-311226,Seven Seas Jointcare Active,30s,£14.70,49p each,,Dietary & Lifestyle
601524,Cooks' Ingredients Thai Herb Kit,G,false,3068,https://ecom-su-static-prod.wtrecom.com/images/products/3/LN_601524_BP_3.jpg,https://www.waitrose.com/ecom/products/cooks-ingredients-thai-herb-kit/601524-672573-672574,Cooks' Ingredients Thai Herb Kit,75g,£2.00,26.7p/10g,,Dietary & Lifestyle
600658,Knorr Gluten Free Mushroom Stock Pot,G,false,3069,https://ecom-su-static-prod.wtrecom.com/images/products/3/LN_600658_BP_3.jpg,https://www.waitrose.com/ecom/products/knorr-gluten-free-mushroom-stock-pot/600658-499346-499347,Knorr Gluten Free Mushroom Stock Pot,4x28g,£2.00,£1.79/100g,,Dietary & Lifestyle
600626,Free From Fellows Strawberry Vegan Mallows,G,false,3070,https://ecom-su-static-prod.wtrecom.com/images/products/3/LN_600626_BP_3.jpg,https://www.waitrose.com/ecom/products/free-from-fellows-strawberry-vegan-mallows/600626-777145-777146,Free From Fellows Strawberry Vegan Mallows,105g,£2.00,£1.91/100g,,Dietary & Lifestyle
598825,Graze Lively Lemon Fibre Flapjack,G,true,3071,https://ecom-su-static-prod.wtrecom.com/images/products/3/LN_598825_BP_3.jpg,https://www.waitrose.com/ecom/products/graze-lively-lemon-fibre-flapjack/598825-784508-784509,Graze Lively Lemon Fibre Flapjack,50g,£1.25,£2.50/100g,"£5 Food to Go Meal Deal: Add 1 Main, 1 Snack and 1 Drink",Dietary & Lifestyle
598813,Options Vegan Belgian Choc,G,false,3072,https://ecom-su-static-prod.wtrecom.com/images/products/3/LN_598813_BP_3.jpg,https://www.waitrose.com/ecom/products/options-vegan-belgian-choc/598813-769489-769490,Options Vegan Belgian Choc,200g,£4.75,£2.38/100g,,Dietary & Lifestyle
598348,Bach Blackcurrant Rescue Pastilles,G,false,3073,https://ecom-su-static-prod.wtrecom.com/images/products/3/LN_598348_BP_3.jpg,https://www.waitrose.com/ecom/products/bach-blackcurrant-rescue-pastilles/598348-84845-84846,Bach Blackcurrant Rescue Pastilles,50g,£8.00,£16/100g,,Dietary & Lifestyle
597726,Properchips Lentil Chips Sriracha,G,true,3074,https://ecom-su-static-prod.wtrecom.com/images/products/3/LN_597726_BP_3.jpg,https://www.waitrose.com/ecom/products/properchips-lentil-chips-sriracha/597726-711024-711025,Properchips Lentil Chips Sriracha,20g,£1.10,£5.50/100g,"£5 Food to Go Meal Deal: Add 1 Main, 1 Snack and 1 Drink",Dietary & Lifestyle
597341,Cooks' Ingredients Vegan XO Style Sauce,G,false,3075,https://ecom-su-static-prod.wtrecom.com/images/products/3/LN_597341_BP_3.jpg,https://www.waitrose.com/ecom/products/cooks-ingredients-vegan-xo-style-sauce/597341-784734-784735,Cooks' Ingredients Vegan XO Style Sauce,190g,£3.00,£1.58/100g,,Dietary & Lifestyle
597196,Twinings Superblends Unwind Camomile Tea Bags 20,G,false,3076,https://ecom-su-static-prod.wtrecom.com/images/products/3/LN_597196_BP_3.jpg,https://www.waitrose.com/ecom/products/twinings-superblends-unwind-camomile-tea-bags-20/597196-776724-776725,Twinings Superblends Unwind Camomile Tea Bags 20,36g,£3.70,£10.28/100g,,Dietary & Lifestyle
596667,Delphis Eco Bathroom Cleaner,G,false,3077,https://ecom-su-static-prod.wtrecom.com/images/products/3/LN_596667_BP_3.jpg,https://www.waitrose.com/ecom/products/delphis-eco-bathroom-cleaner/596667-752975-752976,Delphis Eco Bathroom Cleaner,700ml,£4.00,57.1p/100ml,,Dietary & Lifestyle
594896,Nature's Bounty Magnesium,G,true,3078,https://ecom-su-static-prod.wtrecom.com/images/products/3/LN_594896_BP_3.jpg,https://www.waitrose.com/ecom/products/natures-bounty-magnesium/594896-746175-746176,Nature's Bounty Magnesium,100s,£8.40,8.4p each,Save 1/3. Was £12.60,Dietary & Lifestyle
593824,Waitrose Melon Free Summer Fruit Bowl,G,false,3079,https://ecom-su-static-prod.wtrecom.com/images/products/3/LN_593824_BP_3.jpg,https://www.waitrose.com/ecom/products/waitrose-melon-free-summer-fruit-bowl/593824-698040-698041,Waitrose Melon Free Summer Fruit Bowl,430g,£4.75,£1.11/100g,,Dietary & Lifestyle
593142,Pact Coffee Bourbon Cream Espresso Pods 14s,G,false,3080,https://ecom-su-static-prod.wtrecom.com/images/products/3/LN_593142_BP_3.jpg,https://www.waitrose.com/ecom/products/pact-coffee-bourbon-cream-espresso-pods-14s/593142-813364-813365,Pact Coffee Bourbon Cream Espresso Pods 14s,75.6g,£6.50,£8.60/100g,,Dietary & Lifestyle
592993,Umberto Giannini Curl Jelly Refresh,G,false,3081,https://ecom-su-static-prod.wtrecom.com/images/products/3/LN_592993_BP_3.jpg,https://www.waitrose.com/ecom/products/umberto-giannini-curl-jelly-refresh/592993-780639-780640,Umberto Giannini Curl Jelly Refresh,150ml,£9.40,£6.27/100ml,,Dietary & Lifestyle
591027,OHMG Raspb & Lemon Sparkling Magnesium Water,G,true,3082,https://ecom-su-static-prod.wtrecom.com/images/products/3/LN_591027_BP_3.jpg,https://www.waitrose.com/ecom/products/ohmg-raspb-lemon-sparkling-magnesium-water/591027-806283-806284,OHMG Raspb & Lemon Sparkling Magnesium Water,4x330ml,£4.50,34.1p/100ml,25% Off. Was £6.00,Dietary & Lifestyle
590516,Belazu Early Harvest Olive Oil,G,false,3083,https://ecom-su-static-prod.wtrecom.com/images/products/3/LN_590516_BP_3.jpg,https://www.waitrose.com/ecom/products/belazu-early-harvest-olive-oil/590516-203260-203261,Belazu Early Harvest Olive Oil,500ml,£14.75,£2.95/100ml,,Dietary & Lifestyle
588527,Freee Gluten Free Baking Powder,G,false,3084,https://ecom-su-static-prod.wtrecom.com/images/products/3/LN_588527_BP_3.jpg,https://www.waitrose.com/ecom/products/freee-gluten-free-baking-powder/588527-600682-600683,Freee Gluten Free Baking Powder,130g,£1.75,£13.47/kg,,Dietary & Lifestyle
586866,Sambucol Liquid Immuno Forte,G,true,3085,https://ecom-su-static-prod.wtrecom.com/images/products/3/LN_586866_BP_3.jpg,https://www.waitrose.com/ecom/products/sambucol-liquid-immuno-forte/586866-83185-83186,Sambucol Liquid Immuno Forte,120ml,£8.00,£6.67/100ml,save £2.40. Was £10.40,Dietary & Lifestyle
585879,Waitrose Love Life Quick Cook Minestrone,G,false,3086,https://ecom-su-static-prod.wtrecom.com/images/products/3/LN_585879_BP_3.jpg,https://www.waitrose.com/ecom/products/waitrose-love-life-quick-cook-minestrone/585879-237552-237553,Waitrose Love Life Quick Cook Minestrone,250g,£1.80,£7.20/kg,,Dietary & Lifestyle
584539,Twinings Soulful Blends Reset Tea Bags 20,G,false,3087,https://ecom-su-static-prod.wtrecom.com/images/products/3/LN_584539_BP_3.jpg,https://www.waitrose.com/ecom/products/twinings-soulful-blends-reset-tea-bags-20/584539-801150-801151,Twinings Soulful Blends Reset Tea Bags 20,34g,£3.70,£10.89/100g,,Dietary & Lifestyle
583664,Divine 12 Little Bars,G,false,3088,https://ecom-su-static-prod.wtrecom.com/images/products/3/LN_583664_BP_3.jpg,https://www.waitrose.com/ecom/products/divine-12-little-bars/583664-589235-589236,Divine 12 Little Bars,180g,£7.00,£3.89/100g,,Dietary & Lifestyle
583108,Just Love Gluten Free Confetti Cake,G,false,3089,https://ecom-su-static-prod.wtrecom.com/images/products/3/LN_583108_BP_3.jpg,https://www.waitrose.com/ecom/products/just-love-gluten-free-confetti-cake/583108-820171-820172,Just Love Gluten Free Confetti Cake,each,£16.00,£16 each,,Dietary & Lifestyle
580305,PlantLiving: 'Nduja Style Fiorelli,G,false,3090,https://ecom-su-static-prod.wtrecom.com/images/products/3/LN_580305_BP_3.jpg,https://www.waitrose.com/ecom/products/plantliving-nduja-style-fiorelli/580305-825101-825102,PlantLiving: 'Nduja Style Fiorelli,250g,£3.40,£1.36/100g,,Dietary & Lifestyle
579650,Jim Jams Vegan Hazelnut Chocolate Spread,G,false,3091,https://ecom-su-static-prod.wtrecom.com/images/products/3/LN_579650_BP_3.jpg,https://www.waitrose.com/ecom/products/jim-jams-vegan-hazelnut-chocolate-spread/579650-728266-728267,Jim Jams Vegan Hazelnut Chocolate Spread,330g,£3.00,90.9p/100g,,Dietary & Lifestyle
578596,Kind Protein Double Dark Chocolate Nut,G,true,3092,https://ecom-su-static-prod.wtrecom.com/images/products/3/LN_578596_BP_3.jpg,https://www.waitrose.com/ecom/products/kind-protein-double-dark-chocolate-nut/578596-713566-713567,Kind Protein Double Dark Chocolate Nut,50g,£2.30,£4.60/100g,"£5 Food to Go Meal Deal: Add 1 Main, 1 Snack and 1 Drink",Dietary & Lifestyle
578246,Childs Farm Bubble Bath Raspberry,G,false,3093,https://ecom-su-static-prod.wtrecom.com/images/products/3/LN_578246_BP_3.jpg,https://www.waitrose.com/ecom/products/childs-farm-bubble-bath-raspberry/578246-791523-791524,Childs Farm Bubble Bath Raspberry,500ml,£8.40,£1.68/100ml,,Dietary & Lifestyle
577589,Popchips Sea Salt Crisps,G,true,3094,https://ecom-su-static-prod.wtrecom.com/images/products/3/LN_577589_BP_3.jpg,https://www.waitrose.com/ecom/products/popchips-sea-salt-crisps/577589-168586-168587,Popchips Sea Salt Crisps,23g,£1.10,£4.79/100g,"£5 Food to Go Meal Deal: Add 1 Main, 1 Snack and 1 Drink",Dietary & Lifestyle
577430,No.1 Green Tea With Mint 15 Tea Bags,G,false,3095,https://ecom-su-static-prod.wtrecom.com/images/products/3/LN_577430_BP_3.jpg,https://www.waitrose.com/ecom/products/no1-green-tea-with-mint-15-tea-bags/577430-773102-773103,No.1 Green Tea With Mint 15 Tea Bags,37.5g,£2.65,£7.07/100g,,Dietary & Lifestyle
575761,Pact Coffee Bourbon Cream Espresso Wholebean,G,false,3096,https://ecom-su-static-prod.wtrecom.com/images/products/3/LN_575761_BP_3.jpg,https://www.waitrose.com/ecom/products/pact-coffee-bourbon-cream-espresso-wholebean/575761-813360-813361,Pact Coffee Bourbon Cream Espresso Wholebean,200g,£6.95,£3.48/100g,,Dietary & Lifestyle
575623,Kit & Kin Eco Nappies Size 6,G,false,3097,https://ecom-su-static-prod.wtrecom.com/images/products/3/LN_575623_BP_3.jpg,https://www.waitrose.com/ecom/products/kit-kin-eco-nappies-size-6/575623-743800-743801,Kit & Kin Eco Nappies Size 6,24s,£8.00,33.3p each,,Dietary & Lifestyle
574088,Bulldog Lemon & Bergamot Shower Gel,G,true,3098,https://ecom-su-static-prod.wtrecom.com/images/products/3/LN_574088_BP_3.jpg,https://www.waitrose.com/ecom/products/bulldog-lemon-bergamot-shower-gel/574088-729698-729699,Bulldog Lemon & Bergamot Shower Gel,500ml,£3.50,70p/100ml,Save 1/3. Was £5.25,Dietary & Lifestyle
574022,Cafe Direct Machu Picchu Decaff,G,false,3099,https://ecom-su-static-prod.wtrecom.com/images/products/3/LN_574022_BP_3.jpg,https://www.waitrose.com/ecom/products/cafe-direct-machu-picchu-decaff/574022-793112-793113,Cafe Direct Machu Picchu Decaff,100g,£4.50,£4.50/100g,,Dietary & Lifestyle
573703,Faith In Nature Rosemary Shampoo,G,false,3100,https://ecom-su-static-prod.wtrecom.com/images/products/3/LN_573703_BP_3.jpg,https://www.waitrose.com/ecom/products/faith-in-nature-rosemary-shampoo/573703-820608-820609,Faith In Nature Rosemary Shampoo,400ml,£8.00,£2/100ml,,Dietary & Lifestyle
571264,Weleda Calendula All Purpose Balm,G,false,3101,https://ecom-su-static-prod.wtrecom.com/images/products/3/LN_571264_BP_3.jpg,https://www.waitrose.com/ecom/products/weleda-calendula-all-purpose-balm/571264-791519-791520,Weleda Calendula All Purpose Balm,25g,£8.35,£33.40/100g,,Dietary & Lifestyle
569468,Tony's Chocolonely Dark Creamy Hazelnut Crunch,G,false,3102,https://ecom-su-static-prod.wtrecom.com/images/products/3/LN_569468_BP_3.jpg,https://www.waitrose.com/ecom/products/tonys-chocolonely-dark-creamy-hazelnut-crunch/569468-810060-810061,Tony's Chocolonely Dark Creamy Hazelnut Crunch,180g,£3.50,£1.95/100g,,Dietary & Lifestyle
569439,Faith in Nature Seaweed & Citrus Body Wash,G,false,3103,https://ecom-su-static-prod.wtrecom.com/images/products/3/LN_569439_BP_3.jpg,https://www.waitrose.com/ecom/products/faith-in-nature-seaweed-citrus-body-wash/569439-719562-719563,Faith in Nature Seaweed & Citrus Body Wash,400ml,£6.30,£1.58/100ml,,Dietary & Lifestyle
569394,Balance Me Super Berry Cleansing Balm,G,false,3104,https://ecom-su-static-prod.wtrecom.com/images/products/3/LN_569394_BP_3.jpg,https://www.waitrose.com/ecom/products/balance-me-super-berry-cleansing-balm/569394-800214-800215,Balance Me Super Berry Cleansing Balm,100ml,£39.00,£39/100ml,,Dietary & Lifestyle
568569,Ombar Vegan Coco Almond Bar,G,false,3105,https://ecom-su-static-prod.wtrecom.com/images/products/3/LN_568569_BP_3.jpg,https://www.waitrose.com/ecom/products/ombar-vegan-coco-almond-bar/568569-600650-600651,Ombar Vegan Coco Almond Bar,70g,£3.10,£4.43/100g,,Dietary & Lifestyle
567442,Gran Luchito Chipotle Tortilla Chips,G,false,3106,https://ecom-su-static-prod.wtrecom.com/images/products/3/LN_567442_BP_3.jpg,https://www.waitrose.com/ecom/products/gran-luchito-chipotle-tortilla-chips/567442-778294-778295,Gran Luchito Chipotle Tortilla Chips,150g,£2.80,£1.87/100g,,Dietary & Lifestyle
566880,Haliborange Softies Omega-3 & Vitamins,G,true,3107,https://ecom-su-static-prod.wtrecom.com/images/products/3/LN_566880_BP_3.jpg,https://www.waitrose.com/ecom/products/haliborange-softies-omega-3-vitamins/566880-327600-327601,Haliborange Softies Omega-3 & Vitamins,30s,£5.00,16.7p each,save £1.10. Was £6.10,Dietary & Lifestyle
566090,Bulldog Sensitive Moisturiser,G,true,3108,https://ecom-su-static-prod.wtrecom.com/images/products/3/LN_566090_BP_3.jpg,https://www.waitrose.com/ecom/products/bulldog-sensitive-moisturiser/566090-246245-246246,Bulldog Sensitive Moisturiser,100ml,£4.60,£4.60/100ml,Save 1/3. Was £6.95,Dietary & Lifestyle
565663,Bulldog Original Face Scrub,G,true,3109,https://ecom-su-static-prod.wtrecom.com/images/products/3/LN_565663_BP_3.jpg,https://www.waitrose.com/ecom/products/bulldog-original-face-scrub/565663-423023-423024,Bulldog Original Face Scrub,125ml,£3.85,£3.08/100ml,Save 1/3. Was £5.80,Dietary & Lifestyle
563169,Freee Organic Gluten Free Chocolate Stars 300g,G,false,3110,https://ecom-su-static-prod.wtrecom.com/images/products/3/LN_563169_BP_3.jpg,https://www.waitrose.com/ecom/products/freee-organic-gluten-free-chocolate-stars-300g/563169-722075-722076,Freee Organic Gluten Free Chocolate Stars 300g,300g,£3.00,£1/100g,,Dietary & Lifestyle
562817,Jude's Vegan Honeycomb Ice Cream,G,true,3111,https://ecom-su-static-prod.wtrecom.com/images/products/3/LN_562817_BP_3.jpg,https://www.waitrose.com/ecom/products/judes-vegan-honeycomb-ice-cream/562817-786118-786119,Jude's Vegan Honeycomb Ice Cream,460ml,£3.00,65.2p/100ml,save £1.80. Was £4.80,Dietary & Lifestyle
562485,Belazu Wild Mushroom Pesto,G,false,3112,https://ecom-su-static-prod.wtrecom.com/images/products/3/LN_562485_BP_3.jpg,https://www.waitrose.com/ecom/products/belazu-wild-mushroom-pesto/562485-784926-784927,Belazu Wild Mushroom Pesto,170g,£3.40,£2/100g,,Dietary & Lifestyle
561764,Cooks' Ingredients Milk Choc Vermicelli,G,false,3113,https://ecom-su-static-prod.wtrecom.com/images/products/3/LN_561764_BP_3.jpg,https://www.waitrose.com/ecom/products/cooks-ingredients-milk-choc-vermicelli/561764-752633-752634,Cooks' Ingredients Milk Choc Vermicelli,70g,£1.30,£18.58/kg,,Dietary & Lifestyle
560976,itsu Chocolate Bao Buns,G,false,3114,https://ecom-su-static-prod.wtrecom.com/images/products/3/LN_560976_BP_3.jpg,https://www.waitrose.com/ecom/products/itsu-chocolate-bao-buns/560976-804234-804235,itsu Chocolate Bao Buns,180g,£3.70,£2.06/100g,,Dietary & Lifestyle
559975,Love Raw Cre&m Wafer Bar Salted Caramel,G,true,3115,https://ecom-su-static-prod.wtrecom.com/images/products/3/LN_559975_BP_3.jpg,https://www.waitrose.com/ecom/products/love-raw-crem-wafer-bar-salted-caramel/559975-777139-777140,Love Raw Cre&m Wafer Bar Salted Caramel,45g,£1.70,£3.78/100g,"£5 Food to Go Meal Deal: Add 1 Main, 1 Snack and 1 Drink",Dietary & Lifestyle
558936,East End Pure Butter Ghee,G,true,3116,https://ecom-su-static-prod.wtrecom.com/images/products/3/LN_558936_BP_3.jpg,https://www.waitrose.com/ecom/products/east-end-pure-butter-ghee/558936-79106-79107,East End Pure Butter Ghee,500g,£5.00,£10/kg,Reduced to Clear. Was £6.00,Dietary & Lifestyle
558458,Haliborange Softies Vitamins Strawberry,G,true,3117,https://ecom-su-static-prod.wtrecom.com/images/products/3/LN_558458_BP_3.jpg,https://www.waitrose.com/ecom/products/haliborange-softies-vitamins-strawberry/558458-79032-79033,Haliborange Softies Vitamins Strawberry,30s,£5.00,16.7p each,save £1.20. Was £6.20,Dietary & Lifestyle
556507,Lily's Kitchen Lamb Grain-Free Dry Dog Food,G,false,3118,https://ecom-su-static-prod.wtrecom.com/images/products/3/LN_556507_BP_3.jpg,https://www.waitrose.com/ecom/products/lilys-kitchen-lamb-grain-free-dry-dog-food/556507-312303-312304,Lily's Kitchen Lamb Grain-Free Dry Dog Food,1kg,£10.00,£10/kg,,Dietary & Lifestyle
556473,Balance Me Wonder Eye Cream,G,false,3119,https://ecom-su-static-prod.wtrecom.com/images/products/3/LN_556473_BP_3.jpg,https://www.waitrose.com/ecom/products/balance-me-wonder-eye-cream/556473-135986-135987,Balance Me Wonder Eye Cream,15ml,£22.00,£146.67/100ml,,Dietary & Lifestyle
555687,Lovemore Gluten Free Muffins Double Chocolate,G,false,3120,https://ecom-su-static-prod.wtrecom.com/images/products/3/LN_555687_BP_3.jpg,https://www.waitrose.com/ecom/products/lovemore-gluten-free-muffins-double-chocolate/555687-450450-450451,Lovemore Gluten Free Muffins Double Chocolate,2s,£2.50,£1.25 each,,Dietary & Lifestyle
555322,Balance Me Pure Skin Face Wash,G,false,3121,https://ecom-su-static-prod.wtrecom.com/images/products/3/LN_555322_BP_3.jpg,https://www.waitrose.com/ecom/products/balance-me-pure-skin-face-wash/555322-133961-133962,Balance Me Pure Skin Face Wash,125ml,£18.00,£14.40/100ml,,Dietary & Lifestyle
554912,Better You Vitamin D Oral Spray,G,false,3122,https://ecom-su-static-prod.wtrecom.com/images/products/3/LN_554912_BP_3.jpg,https://www.waitrose.com/ecom/products/better-you-vitamin-d-oral-spray/554912-696540-696541,Better You Vitamin D Oral Spray,15ml,£10.40,£69.34/100ml,,Dietary & Lifestyle
552258,Bulldog Original Moisturiser,G,true,3123,https://ecom-su-static-prod.wtrecom.com/images/products/3/LN_552258_BP_3.jpg,https://www.waitrose.com/ecom/products/bulldog-original-moisturiser/552258-78057-78058,Bulldog Original Moisturiser,100ml,£4.60,£4.60/100ml,Save 1/3. Was £6.95,Dietary & Lifestyle
552157,FUEL 10K Chocolate Porridge Pot,G,true,3124,https://ecom-su-static-prod.wtrecom.com/images/products/3/LN_552157_BP_3.jpg,https://www.waitrose.com/ecom/products/fuel-10k-chocolate-porridge-pot/552157-803320-803321,FUEL 10K Chocolate Porridge Pot,70g,£1.00,£1.43/100g,save 35p. Was £1.35,Dietary & Lifestyle
549308,Balance Me Wrinkle Repair Cream,G,false,3125,https://ecom-su-static-prod.wtrecom.com/images/products/3/LN_549308_BP_3.jpg,https://www.waitrose.com/ecom/products/balance-me-wrinkle-repair-cream/549308-239397-239398,Balance Me Wrinkle Repair Cream,50ml,£33.00,£66/100ml,,Dietary & Lifestyle
548982,Shalimar Bombay Mix,G,false,3126,https://ecom-su-static-prod.wtrecom.com/images/products/3/LN_548982_BP_3.jpg,https://www.waitrose.com/ecom/products/shalimar-bombay-mix/548982-600640-600641,Shalimar Bombay Mix,200g,£1.20,60p/100g,,Dietary & Lifestyle
547758,Amarula Vegan Liqueur,G,false,3127,https://ecom-su-static-prod.wtrecom.com/images/products/3/LN_547758_BP_3.jpg,https://www.waitrose.com/ecom/products/amarula-vegan-liqueur/547758-778280-778281,Amarula Vegan Liqueur,70cl,£15.00,£21.43/litre,,Dietary & Lifestyle
546988,Nature's Bounty Calcium Mg and Zn,G,true,3128,https://ecom-su-static-prod.wtrecom.com/images/products/3/LN_546988_BP_3.jpg,https://www.waitrose.com/ecom/products/natures-bounty-calcium-mg-and-zn/546988-746163-746164,Nature's Bounty Calcium Mg and Zn,100s,£6.66,6.7p each,Save 1/3. Was £10.00,Dietary & Lifestyle
546425,Belazu Organic Balsamic Vinegar,G,false,3129,https://ecom-su-static-prod.wtrecom.com/images/products/3/LN_546425_BP_3.jpg,https://www.waitrose.com/ecom/products/belazu-organic-balsamic-vinegar/546425-690188-690189,Belazu Organic Balsamic Vinegar,250ml,£18.25,£7.30/100ml,,Dietary & Lifestyle
545549,NOMO Vegan Caramel & Sea Salt Chocolate Bar,G,false,3130,https://ecom-su-static-prod.wtrecom.com/images/products/3/LN_545549_BP_3.jpg,https://www.waitrose.com/ecom/products/nomo-vegan-caramel-sea-salt-chocolate-bar/545549-701936-701937,NOMO Vegan Caramel & Sea Salt Chocolate Bar,38g,£1.20,£3.16/100g,,Dietary & Lifestyle
544996,Balance Me Flash Cleanse Micellar,G,false,3131,https://ecom-su-static-prod.wtrecom.com/images/products/3/LN_544996_BP_3.jpg,https://www.waitrose.com/ecom/products/balance-me-flash-cleanse-micellar/544996-695048-695049,Balance Me Flash Cleanse Micellar,180ml,£18.00,£10/100ml,,Dietary & Lifestyle
544300,Ella's Kitchen Chicken Roast Dinner,G,true,3132,https://ecom-su-static-prod.wtrecom.com/images/products/3/LN_544300_BP_3.jpg,https://www.waitrose.com/ecom/products/ellas-kitchen-chicken-roast-dinner/544300-229101-229102,Ella's Kitchen Chicken Roast Dinner,130g,£1.80,£1.39/100g,Add 5 for £7,Dietary & Lifestyle
541668,Kit & Kin Eco Nappies Size 1,G,false,3133,https://ecom-su-static-prod.wtrecom.com/images/products/3/LN_541668_BP_3.jpg,https://www.waitrose.com/ecom/products/kit-kin-eco-nappies-size-1/541668-743764-743765,Kit & Kin Eco Nappies Size 1,38s,£8.00,21.1p each,,Dietary & Lifestyle
541366,Freee Organic Gluten Free Brown Rice Tortiglioni,G,false,3134,https://ecom-su-static-prod.wtrecom.com/images/products/3/LN_541366_BP_3.jpg,https://www.waitrose.com/ecom/products/freee-organic-gluten-free-brown-rice-tortiglioni/541366-812441-812442,Freee Organic Gluten Free Brown Rice Tortiglioni,500g,£2.95,59p/100g,,Dietary & Lifestyle
540590,Cooks' Ingredients Dried Black Limes,G,false,3135,https://ecom-su-static-prod.wtrecom.com/images/products/3/LN_540590_BP_3.jpg,https://www.waitrose.com/ecom/products/cooks-ingredients-dried-black-limes/540590-672455-672456,Cooks' Ingredients Dried Black Limes,6s,£2.00,33.3p each,,Dietary & Lifestyle
538361,Food Thoughts Chocolate Coated Nibs,G,false,3136,https://ecom-su-static-prod.wtrecom.com/images/products/3/LN_538361_BP_3.jpg,https://www.waitrose.com/ecom/products/food-thoughts-chocolate-coated-nibs/538361-810695-810696,Food Thoughts Chocolate Coated Nibs,190g,£4.60,£2.43/100g,,Dietary & Lifestyle
538027,Tony's Chocolonely Littl' Bits Dark Orange Choco,G,false,3137,https://ecom-su-static-prod.wtrecom.com/images/products/3/LN_538027_BP_3.jpg,https://www.waitrose.com/ecom/products/tonys-chocolonely-littl-bits-dark-orange-choco/538027-810058-810059,Tony's Chocolonely Littl' Bits Dark Orange Choco,100g,£2.50,£2.50/100g,,Dietary & Lifestyle
537500,Lily's Kitchen Turkey & Trout Senior Recipe Grain-Free Dry Dog Food,G,false,3138,https://ecom-su-static-prod.wtrecom.com/images/products/3/LN_537500_BP_3.jpg,https://www.waitrose.com/ecom/products/lilys-kitchen-turkey-trout-senior-recipe-grain-free-dry-dog-food/537500-411023-411024,Lily's Kitchen Turkey & Trout Senior Recipe Grain-Free Dry Dog Food,1kg,£10.00,£10/kg,,Dietary & Lifestyle
536407,Wild Deodorant Refill Cotton,G,false,3139,https://ecom-su-static-prod.wtrecom.com/images/products/3/LN_536407_BP_3.jpg,https://www.waitrose.com/ecom/products/wild-deodorant-refill-cotton/536407-772586-772587,Wild Deodorant Refill Cotton,43g,£6.30,£14.66/100g,,Dietary & Lifestyle
536219,Goodrays CBD Drink Blood Orange & Grapefruit,G,true,3140,https://ecom-su-static-prod.wtrecom.com/images/products/3/LN_536219_BP_3.jpg,https://www.waitrose.com/ecom/products/goodrays-cbd-drink-blood-orange-grapefruit/536219-791837-791838,Goodrays CBD Drink Blood Orange & Grapefruit,4x250ml,£6.00,60p/100ml,save £1.50. Was £7.50,Dietary & Lifestyle
535598,Ella's Kitchen Fish Pie,G,true,3141,https://ecom-su-static-prod.wtrecom.com/images/products/3/LN_535598_BP_3.jpg,https://www.waitrose.com/ecom/products/ellas-kitchen-fish-pie/535598-401186-401187,Ella's Kitchen Fish Pie,130g,£1.80,£1.39/100g,Add 5 for £7,Dietary & Lifestyle
535255,Eco Warrior Body Scrub Bar,G,false,3142,https://ecom-su-static-prod.wtrecom.com/images/products/3/LN_535255_BP_3.jpg,https://www.waitrose.com/ecom/products/eco-warrior-body-scrub-bar/535255-777328-777329,Eco Warrior Body Scrub Bar,100g,£3.75,£3.75/100g,,Dietary & Lifestyle
535053,Faith in Nature Grapefruit & Orange Conditioner,G,false,3143,https://ecom-su-static-prod.wtrecom.com/images/products/3/LN_535053_BP_3.jpg,https://www.waitrose.com/ecom/products/faith-in-nature-grapefruit-orange-conditioner/535053-723764-723765,Faith in Nature Grapefruit & Orange Conditioner,400ml,£8.00,£2/100ml,,Dietary & Lifestyle
534984,Bruichladdich Classic Laddie Unpeated Islay Scotch Whisky,G,false,3144,https://ecom-su-static-prod.wtrecom.com/images/products/3/LN_534984_BP_3.jpg,https://www.waitrose.com/ecom/products/bruichladdich-classic-laddie-unpeated-islay-scotch-whisky/534984-554155-554156,Bruichladdich Classic Laddie Unpeated Islay Scotch Whisky,700ml,£50.00,£71.43/litre,,Dietary & Lifestyle
534410,Candy Kittens Raspberry & Guava,G,false,3145,https://ecom-su-static-prod.wtrecom.com/images/products/3/LN_534410_BP_3.jpg,https://www.waitrose.com/ecom/products/candy-kittens-raspberry-guava/534410-763448-763449,Candy Kittens Raspberry & Guava,140g,£2.75,£1.97/100g,,Dietary & Lifestyle
532574,Cooks' Ingredients Palm Sugar,G,false,3146,https://ecom-su-static-prod.wtrecom.com/images/products/3/LN_532574_BP_3.jpg,https://www.waitrose.com/ecom/products/cooks-ingredients-palm-sugar/532574-75302-75303,Cooks' Ingredients Palm Sugar,125g,£3.00,£24/kg,,Dietary & Lifestyle
532106,Belazu Roasted Pepper Tapenade,G,false,3147,https://ecom-su-static-prod.wtrecom.com/images/products/3/LN_532106_BP_3.jpg,https://www.waitrose.com/ecom/products/belazu-roasted-pepper-tapenade/532106-784904-784905,Belazu Roasted Pepper Tapenade,165g,£3.80,£2.31/100g,,Dietary & Lifestyle
531849,Berocca Mango,G,false,3148,https://ecom-su-static-prod.wtrecom.com/images/products/3/LN_531849_BP_3.jpg,https://www.waitrose.com/ecom/products/berocca-mango/531849-383518-383519,Berocca Mango,15s,£5.85,39p each,,Dietary & Lifestyle
531506,Cooks' Ingredients Mini White Chocolate Stars,G,false,3149,https://ecom-su-static-prod.wtrecom.com/images/products/3/LN_531506_BP_3.jpg,https://www.waitrose.com/ecom/products/cooks-ingredients-mini-white-chocolate-stars/531506-752623-752624,Cooks' Ingredients Mini White Chocolate Stars,41g,£1.30,£31.71/kg,,Dietary & Lifestyle
529760,Nexium Control Heartburn Relief Tablets,G,false,3150,https://ecom-su-static-prod.wtrecom.com/images/products/3/LN_529760_BP_3.jpg,https://www.waitrose.com/ecom/products/nexium-control-heartburn-relief-tablets/529760-374473-374474,Nexium Control Heartburn Relief Tablets,7s,£7.85,£1.13 each,,Dietary & Lifestyle
529158,Scrumbles Chicken Adult & Senior Dry Dog Food 2kg,G,false,3151,https://ecom-su-static-prod.wtrecom.com/images/products/3/LN_529158_BP_3.jpg,https://www.waitrose.com/ecom/products/scrumbles-chicken-adult-senior-dry-dog-food-2kg/529158-790632-790633,Scrumbles Chicken Adult & Senior Dry Dog Food 2kg,2Kg,£13.00,£6.50/kg,,Dietary & Lifestyle
528417,Belazu Smoked Chilli Harissa,G,false,3152,https://ecom-su-static-prod.wtrecom.com/images/products/3/LN_528417_BP_3.jpg,https://www.waitrose.com/ecom/products/belazu-smoked-chilli-harissa/528417-702689-702690,Belazu Smoked Chilli Harissa,170g,£4.50,£2.65/100g,,Dietary & Lifestyle
528100,Solgar Calcium Magnesium plus Zinc,G,false,3153,https://ecom-su-static-prod.wtrecom.com/images/products/3/LN_528100_BP_3.jpg,https://www.waitrose.com/ecom/products/solgar-calcium-magnesium-plus-zinc/528100-746153-746154,Solgar Calcium Magnesium plus Zinc,100s,£9.00,9p each,,Dietary & Lifestyle
524132,Love Raw Nutty Choc Balls,G,true,3154,https://ecom-su-static-prod.wtrecom.com/images/products/3/LN_524132_BP_3.jpg,https://www.waitrose.com/ecom/products/love-raw-nutty-choc-balls/524132-791073-791074,Love Raw Nutty Choc Balls,28g,£1.70,£6.08/100g,"£5 Food to Go Meal Deal: Add 1 Main, 1 Snack and 1 Drink",Dietary & Lifestyle
523661,Capsicana Salted Tortilla Chips,G,false,3155,https://ecom-su-static-prod.wtrecom.com/images/products/3/LN_523661_BP_3.jpg,https://www.waitrose.com/ecom/products/capsicana-salted-tortilla-chips/523661-778270-778271,Capsicana Salted Tortilla Chips,170g,£2.50,£1.48/100g,,Dietary & Lifestyle
521923,Centrum Men Multivitamin Tablets,G,false,3156,https://ecom-su-static-prod.wtrecom.com/images/products/3/LN_521923_BP_3.jpg,https://www.waitrose.com/ecom/products/centrum-men-multivitamin-tablets/521923-274773-274774,Centrum Men Multivitamin Tablets,30s,£7.35,24.5p each,,Dietary & Lifestyle
520838,Baileys Deliciously Light,G,false,3157,https://ecom-su-static-prod.wtrecom.com/images/products/3/LN_520838_BP_3.jpg,https://www.waitrose.com/ecom/products/baileys-deliciously-light/520838-812876-812877,Baileys Deliciously Light,70cl,£17.50,£18.75/75cl,,Dietary & Lifestyle
517810,Bulldog Peppermint Shower Gel,G,true,3158,https://ecom-su-static-prod.wtrecom.com/images/products/3/LN_517810_BP_3.jpg,https://www.waitrose.com/ecom/products/bulldog-peppermint-shower-gel/517810-704939-704940,Bulldog Peppermint Shower Gel,500ml,£3.50,70p/100ml,Save 1/3. Was £5.25,Dietary & Lifestyle
515221,Kellogg's Special K Granola Mixed Berries Breakfast Cereal,G,false,3159,https://ecom-su-static-prod.wtrecom.com/images/products/3/LN_515221_BP_3.jpg,https://www.waitrose.com/ecom/products/kelloggs-special-k-granola-mixed-berries-breakfast-cereal/515221-780057-780058,Kellogg's Special K Granola Mixed Berries Breakfast Cereal,350g,£3.15,90p/100g,,Dietary & Lifestyle
515151,BEAR Yo Yos Strawberry,G,false,3160,https://ecom-su-static-prod.wtrecom.com/images/products/3/LN_515151_BP_3.jpg,https://www.waitrose.com/ecom/products/bear-yo-yos-strawberry/515151-72781-72782,BEAR Yo Yos Strawberry,Each,70p,70p each,,Dietary & Lifestyle
514414,Cooks' Ingredients Asafoetida,G,false,3161,https://ecom-su-static-prod.wtrecom.com/images/products/3/LN_514414_BP_3.jpg,https://www.waitrose.com/ecom/products/cooks-ingredients-asafoetida/514414-672397-672398,Cooks' Ingredients Asafoetida,17g,£3.00,£1.77/10g,,Dietary & Lifestyle
514024,No.1 Whole Fruit Chocolate,G,false,3162,https://ecom-su-static-prod.wtrecom.com/images/products/3/LN_514024_BP_3.jpg,https://www.waitrose.com/ecom/products/no1-whole-fruit-chocolate/514024-784488-784489,No.1 Whole Fruit Chocolate,45g,£2.85,£6.34/100g,,Dietary & Lifestyle
512943,Teapigs Darjeeling Earl Grey 40 Tea Temples,G,false,3163,https://ecom-su-static-prod.wtrecom.com/images/products/3/LN_512943_BP_3.jpg,https://www.waitrose.com/ecom/products/teapigs-darjeeling-earl-grey-40-tea-temples/512943-756354-756355,Teapigs Darjeeling Earl Grey 40 Tea Temples,100g,£9.15,£9.15/100g,,Dietary & Lifestyle
512335,Seven Seas Omega 3 + Turmeric,G,false,3164,https://ecom-su-static-prod.wtrecom.com/images/products/3/LN_512335_BP_3.jpg,https://www.waitrose.com/ecom/products/seven-seas-omega-3-turmeric/512335-763341-763341,Seven Seas Omega 3 + Turmeric,30s,£21.00,70p each,,Dietary & Lifestyle
511357,Unearthed Jumbo Churros,G,false,3165,https://ecom-su-static-prod.wtrecom.com/images/products/3/LN_511357_BP_3.jpg,https://www.waitrose.com/ecom/products/unearthed-jumbo-churros/511357-791067-791068,Unearthed Jumbo Churros,224g,£4.50,£20.09/kg,,Dietary & Lifestyle
511308,Optibac Every Day Probiotic Capsules,G,true,3166,https://ecom-su-static-prod.wtrecom.com/images/products/3/LN_511308_BP_3.jpg,https://www.waitrose.com/ecom/products/optibac-every-day-probiotic-capsules/511308-72266-72267,Optibac Every Day Probiotic Capsules,30s,£11.00,36.7p each,save £2.65. Was £13.65,Dietary & Lifestyle
508728,Berocca Orange Flavour Effervescent Tablets,G,false,3167,https://ecom-su-static-prod.wtrecom.com/images/products/3/LN_508728_BP_3.jpg,https://www.waitrose.com/ecom/products/berocca-orange-flavour-effervescent-tablets/508728-383382-383383,Berocca Orange Flavour Effervescent Tablets,15Each,£5.85,39p each,,Dietary & Lifestyle
508438,Warners Juniper Double Dry 0%,G,false,3168,https://ecom-su-static-prod.wtrecom.com/images/products/3/LN_508438_BP_3.jpg,https://www.waitrose.com/ecom/products/warners-juniper-double-dry-0/508438-783160-783161,Warners Juniper Double Dry 0%,50cl,£18.00,£36/litre,,Dietary & Lifestyle
507824,Pieminister Fungi Chicken Pie,G,true,3169,https://ecom-su-static-prod.wtrecom.com/images/products/3/LN_507824_BP_3.jpg,https://www.waitrose.com/ecom/products/pieminister-fungi-chicken-pie/507824-555419-555420,Pieminister Fungi Chicken Pie,270g,£4.70,£17.41/kg,Add 2 for £7.50,Dietary & Lifestyle
507751,Tilda Brown Basmati & Wild Rice,G,false,3170,https://ecom-su-static-prod.wtrecom.com/images/products/3/LN_507751_BP_3.jpg,https://www.waitrose.com/ecom/products/tilda-brown-basmati-wild-rice/507751-784868-784869,Tilda Brown Basmati & Wild Rice,500g,£3.15,£6.30/kg,,Dietary & Lifestyle
507144,Centrum Men 50+ Multivitamin Tablets,G,false,3171,https://ecom-su-static-prod.wtrecom.com/images/products/3/LN_507144_BP_3.jpg,https://www.waitrose.com/ecom/products/centrum-men-50-multivitamin-tablets/507144-383374-383375,Centrum Men 50+ Multivitamin Tablets,30s,£9.05,30.2p each,,Dietary & Lifestyle
507113,Wellman 50+ Tablets,G,false,3172,https://ecom-su-static-prod.wtrecom.com/images/products/3/LN_507113_BP_3.jpg,https://www.waitrose.com/ecom/products/wellman-50-tablets/507113-71664-71665,Wellman 50+ Tablets,30s,£10.40,34.7p each,,Dietary & Lifestyle
504553,Centrum Advance 50+ Multivitamin Tablets,G,true,3173,https://ecom-su-static-prod.wtrecom.com/images/products/3/LN_504553_BP_3.jpg,https://www.waitrose.com/ecom/products/centrum-advance-50-multivitamin-tablets/504553-71255-71256,Centrum Advance 50+ Multivitamin Tablets,30s,£5.84,19.5p each,20% Off. Was £7.30,Dietary & Lifestyle
502880,Balance Me Vitamin C Repair Serum,G,false,3174,https://ecom-su-static-prod.wtrecom.com/images/products/3/LN_502880_BP_3.jpg,https://www.waitrose.com/ecom/products/balance-me-vitamin-c-repair-serum/502880-672375-672376,Balance Me Vitamin C Repair Serum,30ml,£35.00,£116.67/100ml,,Dietary & Lifestyle
499706,Mister Free'd Gluten Free Tortilla Chips Blue,G,false,3175,https://ecom-su-static-prod.wtrecom.com/images/products/3/LN_499706_BP_3.jpg,https://www.waitrose.com/ecom/products/mister-freed-gluten-free-tortilla-chips-blue/499706-728182-728183,Mister Free'd Gluten Free Tortilla Chips Blue,135g,£2.10,£1.56/100g,,Dietary & Lifestyle
499338,Waitrose Plant Living No Chorizo Sausages,G,false,3176,https://ecom-su-static-prod.wtrecom.com/images/products/3/LN_499338_BP_3.jpg,https://www.waitrose.com/ecom/products/waitrose-plant-living-no-chorizo-sausages/499338-825069-825070,Waitrose Plant Living No Chorizo Sausages,280g,£2.75,98.2p/100g,,Dietary & Lifestyle
499207,KIND Salted Caramel Dark Chocolate,G,true,3177,https://ecom-su-static-prod.wtrecom.com/images/products/3/LN_499207_BP_3.jpg,https://www.waitrose.com/ecom/products/kind-salted-caramel-dark-chocolate/499207-743734-743735,KIND Salted Caramel Dark Chocolate,40g,£1.45,£3.63/100g,"£5 Food to Go Meal Deal: Add 1 Main, 1 Snack and 1 Drink",Dietary & Lifestyle
499147,Grenade Oreo,G,true,3178,https://ecom-su-static-prod.wtrecom.com/images/products/3/LN_499147_BP_3.jpg,https://www.waitrose.com/ecom/products/grenade-oreo/499147-801800-801801,Grenade Oreo,60g,£2.20,£3.67/100g,save 80p. Was £3.00,Dietary & Lifestyle
498107,Deliciously Ella Gluten Free & Vegan Cashew Berry Bars,G,false,3179,https://ecom-su-static-prod.wtrecom.com/images/products/3/LN_498107_BP_3.jpg,https://www.waitrose.com/ecom/products/deliciously-ella-gluten-free-vegan-cashew-berry-bars/498107-791053-791054,Deliciously Ella Gluten Free & Vegan Cashew Berry Bars,3x40g,£3.00,£2.50/100g,,Dietary & Lifestyle
498047,Merchant Gourmet Jamaican Style Grains/Pulses,G,true,3180,https://ecom-su-static-prod.wtrecom.com/images/products/3/LN_498047_BP_3.jpg,https://www.waitrose.com/ecom/products/merchant-gourmet-jamaican-style-grains-pulses/498047-806800-806801,Merchant Gourmet Jamaican Style Grains/Pulses,250g,£1.50,£6/kg,save 70p. Was £2.20,Dietary & Lifestyle
496633,Dorset Cereals Fruit & Nut Muesli Crunch,G,false,3181,https://ecom-su-static-prod.wtrecom.com/images/products/3/LN_496633_BP_3.jpg,https://www.waitrose.com/ecom/products/dorset-cereals-fruit-nut-muesli-crunch/496633-793395-793396,Dorset Cereals Fruit & Nut Muesli Crunch,400g,£4.20,£1.05/100g,,Dietary & Lifestyle
495003,Oatly Oat Milk Chocolate Deluxe Dairy Free Milk Alternative,G,true,3182,https://ecom-su-static-prod.wtrecom.com/images/products/3/LN_495003_BP_3.jpg,https://www.waitrose.com/ecom/products/oatly-oat-milk-chocolate-deluxe-dairy-free-milk-alternative/495003-741066-741067,Oatly Oat Milk Chocolate Deluxe Dairy Free Milk Alternative,1litre,£1.70,£1.70/litre,save 60p. Was £2.30,Dietary & Lifestyle
493769,Schär Mini Calzone Bites,G,true,3183,https://ecom-su-static-prod.wtrecom.com/images/products/3/LN_493769_BP_3.jpg,https://www.waitrose.com/ecom/products/schar-mini-calzone-bites/493769-812425-812426,Schär Mini Calzone Bites,250g,£2.90,£1.16/100g,20% Off. Was £3.65,Dietary & Lifestyle
492960,Teapigs Snooze Sleepy 15 Tea Temples,G,false,3184,https://ecom-su-static-prod.wtrecom.com/images/products/3/LN_492960_BP_3.jpg,https://www.waitrose.com/ecom/products/teapigs-snooze-sleepy-15-tea-temples/492960-589117-589118,Teapigs Snooze Sleepy 15 Tea Temples,45g,£4.75,£10.56/100g,,Dietary & Lifestyle
491750,Faith in Nature Lavender & Geranium Body Wash,G,false,3185,https://ecom-su-static-prod.wtrecom.com/images/products/3/LN_491750_BP_3.jpg,https://www.waitrose.com/ecom/products/faith-in-nature-lavender-geranium-body-wash/491750-719438-719439,Faith in Nature Lavender & Geranium Body Wash,400ml,£6.30,£1.58/100ml,,Dietary & Lifestyle
491555,Eat Natural Gluten Free Buckwheat Muesli,G,false,3186,https://ecom-su-static-prod.wtrecom.com/images/products/3/LN_491555_BP_3.jpg,https://www.waitrose.com/ecom/products/eat-natural-gluten-free-buckwheat-muesli/491555-69463-69464,Eat Natural Gluten Free Buckwheat Muesli,500g,£3.75,75p/100g,,Dietary & Lifestyle
491519,Ella's Kitchen Lamb Roast Dinner,G,true,3187,https://ecom-su-static-prod.wtrecom.com/images/products/3/LN_491519_BP_3.jpg,https://www.waitrose.com/ecom/products/ellas-kitchen-lamb-roast-dinner/491519-134509-134510,Ella's Kitchen Lamb Roast Dinner,130g,£1.80,£1.39/100g,Add 5 for £7,Dietary & Lifestyle
489866,Cafédirect Organic Mayan Gold Whole Beans,G,true,3188,https://ecom-su-static-prod.wtrecom.com/images/products/3/LN_489866_BP_3.jpg,https://www.waitrose.com/ecom/products/cafedirect-organic-mayan-gold-whole-beans/489866-760310-760311,Cafédirect Organic Mayan Gold Whole Beans,200g,£3.50,£1.75/100g,save £1.45. Was £4.95,Dietary & Lifestyle
489711,Better You Boost Spray,G,false,3189,https://ecom-su-static-prod.wtrecom.com/images/products/3/LN_489711_BP_3.jpg,https://www.waitrose.com/ecom/products/better-you-boost-spray/489711-696502-696503,Better You Boost Spray,25ml,£12.60,£50.40/100ml,,Dietary & Lifestyle
488781,Freee Gluten Free Pancake Mix,G,false,3190,https://ecom-su-static-prod.wtrecom.com/images/products/3/LN_488781_BP_3.jpg,https://www.waitrose.com/ecom/products/freee-gluten-free-pancake-mix/488781-701912-701913,Freee Gluten Free Pancake Mix,300g,£2.25,75p/100g,,Dietary & Lifestyle
488154,Berocca Orange Effervescent Tablets,G,false,3191,https://ecom-su-static-prod.wtrecom.com/images/products/3/LN_488154_BP_3.jpg,https://www.waitrose.com/ecom/products/berocca-orange-effervescent-tablets/488154-691482-691483,Berocca Orange Effervescent Tablets,45Each,£15.75,35p each,,Dietary & Lifestyle
486949,Doves Xanthan Gum Free From Gluten,G,false,3192,https://ecom-su-static-prod.wtrecom.com/images/products/3/LN_486949_BP_3.jpg,https://www.waitrose.com/ecom/products/doves-xanthan-gum-free-from-gluten/486949-506166-506167,Doves Xanthan Gum Free From Gluten,100g,£2.95,£2.95/100g,,Dietary & Lifestyle
485579,Kiddylicious 10 Banana Wafers,G,false,3193,https://ecom-su-static-prod.wtrecom.com/images/products/3/LN_485579_BP_3.jpg,https://www.waitrose.com/ecom/products/kiddylicious-10-banana-wafers/485579-690068-690069,Kiddylicious 10 Banana Wafers,40g,£2.65,£66.25/kg,,Dietary & Lifestyle
482068,Knorr Gluten Free Ham Stock Cubes,G,false,3194,https://ecom-su-static-prod.wtrecom.com/images/products/3/LN_482068_BP_3.jpg,https://www.waitrose.com/ecom/products/knorr-gluten-free-ham-stock-cubes/482068-229839-229840,Knorr Gluten Free Ham Stock Cubes,80g,£2.05,£2.57/100g,,Dietary & Lifestyle
481120,Cooks' Ingredients Aromatic Rose Petals,G,false,3195,https://ecom-su-static-prod.wtrecom.com/images/products/3/LN_481120_BP_3.jpg,https://www.waitrose.com/ecom/products/cooks-ingredients-aromatic-rose-petals/481120-312275-312276,Cooks' Ingredients Aromatic Rose Petals,8g,£2.00,£2.50/10g,,Dietary & Lifestyle
480845,Centrum Mixed Fruit MultiGummies,G,false,3196,https://ecom-su-static-prod.wtrecom.com/images/products/3/LN_480845_BP_3.jpg,https://www.waitrose.com/ecom/products/centrum-mixed-fruit-multigummies/480845-665887-665888,Centrum Mixed Fruit MultiGummies,30s,£7.90,26.3p each,,Dietary & Lifestyle
480778,Dr. Oetker Heart Marshmallows,G,false,3197,https://ecom-su-static-prod.wtrecom.com/images/products/3/LN_480778_BP_3.jpg,https://www.waitrose.com/ecom/products/dr-oetker-heart-marshmallows/480778-405296-405297,Dr. Oetker Heart Marshmallows,100g,£2.20,£2.20/100g,,Dietary & Lifestyle
480201,Tony's Chocolonely Milk Hazelnut,G,false,3198,https://ecom-su-static-prod.wtrecom.com/images/products/3/LN_480201_BP_3.jpg,https://www.waitrose.com/ecom/products/tonys-chocolonely-milk-hazelnut/480201-763122-763123,Tony's Chocolonely Milk Hazelnut,180g,£3.50,£1.95/100g,,Dietary & Lifestyle
479482,Pact Coffee Single Estate Microlot Filter Ground,G,false,3199,https://ecom-su-static-prod.wtrecom.com/images/products/3/LN_479482_BP_3.jpg,https://www.waitrose.com/ecom/products/pact-coffee-single-estate-microlot-filter-ground/479482-813340-813341,Pact Coffee Single Estate Microlot Filter Ground,200g,£7.50,£3.75/100g,,Dietary & Lifestyle
478834,Balance Me Collagen Boost Moisturiser,G,false,3200,https://ecom-su-static-prod.wtrecom.com/images/products/3/LN_478834_BP_3.jpg,https://www.waitrose.com/ecom/products/balance-me-collagen-boost-moisturiser/478834-690060-690061,Balance Me Collagen Boost Moisturiser,50ml,£29.00,£58/100ml,,Dietary & Lifestyle
478473,Encore in Jelly Chicken Selection,G,false,3201,https://ecom-su-static-prod.wtrecom.com/images/products/3/LN_478473_BP_3.jpg,https://www.waitrose.com/ecom/products/encore-in-jelly-chicken-selection/478473-586454-586454,Encore in Jelly Chicken Selection,5x50g,£4.95,£19.80/kg,,Dietary & Lifestyle
478447,Waitrose Ristretto Coffee Capsules 10s,G,false,3202,https://ecom-su-static-prod.wtrecom.com/images/products/3/LN_478447_BP_3.jpg,https://www.waitrose.com/ecom/products/waitrose-ristretto-coffee-capsules-10s/478447-752881-752882,Waitrose Ristretto Coffee Capsules 10s,50g,£2.65,£5.30/100g,,Dietary & Lifestyle
478150,Gordon's Pink Alcohol Free,G,false,3203,https://ecom-su-static-prod.wtrecom.com/images/products/3/LN_478150_BP_3.jpg,https://www.waitrose.com/ecom/products/gordons-pink-alcohol-free/478150-783860-783861,Gordon's Pink Alcohol Free,70cl,£15.50,£22.15/litre,,Dietary & Lifestyle
477834,Weleda Skin Food Body Lotion,G,false,3204,https://ecom-su-static-prod.wtrecom.com/images/products/3/LN_477834_BP_3.jpg,https://www.waitrose.com/ecom/products/weleda-skin-food-body-lotion/477834-769084-769085,Weleda Skin Food Body Lotion,200ml,£15.70,£7.85/100ml,,Dietary & Lifestyle
477646,The Duppy Share Rum UK,G,false,3205,https://ecom-su-static-prod.wtrecom.com/images/products/3/LN_477646_BP_3.jpg,https://www.waitrose.com/ecom/products/the-duppy-share-rum-uk/477646-704009-704010,The Duppy Share Rum UK,70cl,£29.00,£41.43/litre,,Dietary & Lifestyle
476416,Belazu Tagine Paste,G,false,3206,https://ecom-su-static-prod.wtrecom.com/images/products/3/LN_476416_BP_3.jpg,https://www.waitrose.com/ecom/products/belazu-tagine-paste/476416-702567-702568,Belazu Tagine Paste,170g,£3.00,£1.77/100g,,Dietary & Lifestyle
474188,Ella's Kitchen Strawberry Raspberry Porridge,G,false,3207,https://ecom-su-static-prod.wtrecom.com/images/products/3/LN_474188_BP_3.jpg,https://www.waitrose.com/ecom/products/ellas-kitchen-strawberry-raspberry-porridge/474188-488437-488438,Ella's Kitchen Strawberry Raspberry Porridge,175g,£2.60,£1.49/100g,,Dietary & Lifestyle
473859,Oatly Oat Milk Chilled Organic Milk Alternative,G,true,3208,https://ecom-su-static-prod.wtrecom.com/images/products/3/LN_473859_BP_3.jpg,https://www.waitrose.com/ecom/products/oatly-oat-milk-chilled-organic-milk-alternative/473859-741040-741041,Oatly Oat Milk Chilled Organic Milk Alternative,1litre,£1.70,£1.70/litre,save 60p. Was £2.30,Dietary & Lifestyle
473384,Sambucol Liquid For Kids,G,true,3209,https://ecom-su-static-prod.wtrecom.com/images/products/3/LN_473384_BP_3.jpg,https://www.waitrose.com/ecom/products/sambucol-liquid-for-kids/473384-746139-746140,Sambucol Liquid For Kids,120ml,£8.00,£6.67/100ml,save £2.40. Was £10.40,Dietary & Lifestyle
473088,Bull Dog Original Beard Oil,G,true,3210,https://ecom-su-static-prod.wtrecom.com/images/products/3/LN_473088_BP_3.jpg,https://www.waitrose.com/ecom/products/bull-dog-original-beard-oil/473088-526688-526689,Bull Dog Original Beard Oil,30ml,£3.50,£11.67/100ml,Save 1/3. Was £5.25,Dietary & Lifestyle
472214,Caleño Light & Zesty Non-Alcoholic Spirit,G,false,3211,https://ecom-su-static-prod.wtrecom.com/images/products/3/LN_472214_BP_3.jpg,https://www.waitrose.com/ecom/products/caleno-light-zesty-non-alcoholic-spirit/472214-770622-770623,Caleño Light & Zesty Non-Alcoholic Spirit,50cl,£19.00,£38/litre,,Dietary & Lifestyle
471374,Miso Tasty Silken Tofu Miso Soup,G,false,3212,https://ecom-su-static-prod.wtrecom.com/images/products/3/LN_471374_BP_3.jpg,https://www.waitrose.com/ecom/products/miso-tasty-silken-tofu-miso-soup/471374-766805-766806,Miso Tasty Silken Tofu Miso Soup,3x26g,£2.80,£3.59/100g,,Dietary & Lifestyle
471267,Twinings Superblends Defence Green Tea Bags 20,G,false,3213,https://ecom-su-static-prod.wtrecom.com/images/products/3/LN_471267_BP_3.jpg,https://www.waitrose.com/ecom/products/twinings-superblends-defence-green-tea-bags-20/471267-648004-648005,Twinings Superblends Defence Green Tea Bags 20,40g,£3.70,£9.25/100g,,Dietary & Lifestyle
469971,Ella's Kitchen Beef Stew with Spuds,G,true,3214,https://ecom-su-static-prod.wtrecom.com/images/products/3/LN_469971_BP_3.jpg,https://www.waitrose.com/ecom/products/ellas-kitchen-beef-stew-with-spuds/469971-134503-134504,Ella's Kitchen Beef Stew with Spuds,130g,£1.80,£1.39/100g,Add 5 for £7,Dietary & Lifestyle
469010,Cooks' Ingredients Shiitake Mushrooms,G,false,3215,https://ecom-su-static-prod.wtrecom.com/images/products/3/LN_469010_BP_3.jpg,https://www.waitrose.com/ecom/products/cooks-ingredients-shiitake-mushrooms/469010-66101-66102,Cooks' Ingredients Shiitake Mushrooms,25g,£2.50,£10/100g,,Dietary & Lifestyle
467735,Pollen + Grace Thai Green Vegetable Curry,G,false,3216,https://ecom-su-static-prod.wtrecom.com/images/products/3/LN_467735_BP_3.jpg,https://www.waitrose.com/ecom/products/pollen-grace-thai-green-vegetable-curry/467735-823136-823137,Pollen + Grace Thai Green Vegetable Curry,400g,£4.75,£1.19/100g,,Dietary & Lifestyle
466782,Kiddylicious 10 Strawberry Wafers,G,false,3217,https://ecom-su-static-prod.wtrecom.com/images/products/3/LN_466782_BP_3.jpg,https://www.waitrose.com/ecom/products/kiddylicious-10-strawberry-wafers/466782-690042-690043,Kiddylicious 10 Strawberry Wafers,40g,£2.65,£66.25/kg,,Dietary & Lifestyle
466628,Waitrose Glucosamine & Chondroitin,G,false,3218,https://ecom-su-static-prod.wtrecom.com/images/products/3/LN_466628_BP_3.jpg,https://www.waitrose.com/ecom/products/waitrose-glucosamine-chondroitin/466628-763050-763051,Waitrose Glucosamine & Chondroitin,90Each,£11.55,12.8p each,,Dietary & Lifestyle
465918,Childs Farm 3 in 1 Swim,G,false,3219,https://ecom-su-static-prod.wtrecom.com/images/products/3/LN_465918_BP_3.jpg,https://www.waitrose.com/ecom/products/childs-farm-3-in-1-swim/465918-429379-429380,Childs Farm 3 in 1 Swim,250ml,£4.75,£1.90/100ml,,Dietary & Lifestyle
465733,Centrum Advance Multivitamin Tablets,G,true,3220,https://ecom-su-static-prod.wtrecom.com/images/products/3/LN_465733_BP_3.jpg,https://www.waitrose.com/ecom/products/centrum-advance-multivitamin-tablets/465733-65641-65642,Centrum Advance Multivitamin Tablets,30s,£5.00,16.7p each,20% Off. Was £6.25,Dietary & Lifestyle
465694,Weleda Skin Food Body Butter,G,false,3221,https://ecom-su-static-prod.wtrecom.com/images/products/3/LN_465694_BP_3.jpg,https://www.waitrose.com/ecom/products/weleda-skin-food-body-butter/465694-719413-719414,Weleda Skin Food Body Butter,150ml,£23.30,£15.54/100ml,,Dietary & Lifestyle
465392,Brew Tea Co Earl Grey 40 Tea Bags,G,false,3222,https://ecom-su-static-prod.wtrecom.com/images/products/3/LN_465392_BP_3.jpg,https://www.waitrose.com/ecom/products/brew-tea-co-earl-grey-40-tea-bags/465392-535174-535175,Brew Tea Co Earl Grey 40 Tea Bags,120g,£8.95,£7.46/100g,,Dietary & Lifestyle
464829,Candy Kittens Sour Watermelon Gourmet Sweets,G,false,3223,https://ecom-su-static-prod.wtrecom.com/images/products/3/LN_464829_BP_3.jpg,https://www.waitrose.com/ecom/products/candy-kittens-sour-watermelon-gourmet-sweets/464829-810046-810047,Candy Kittens Sour Watermelon Gourmet Sweets,500g,£9.00,£1.80/100g,,Dietary & Lifestyle
463724,Bulldog Original Shave Gel,G,true,3224,https://ecom-su-static-prod.wtrecom.com/images/products/3/LN_463724_BP_3.jpg,https://www.waitrose.com/ecom/products/bulldog-original-shave-gel/463724-65355-65356,Bulldog Original Shave Gel,175ml,£2.65,£1.52/100ml,Save 1/3. Was £4.00,Dietary & Lifestyle
463259,Waitrose Purple Broccoli,G,false,3225,https://ecom-su-static-prod.wtrecom.com/images/products/3/LN_463259_BP_3.jpg,https://www.waitrose.com/ecom/products/waitrose-purple-broccoli/463259-581182-581183,Waitrose Purple Broccoli,400g,£3.75,£9.38/kg,,Dietary & Lifestyle
461467,Sipsmith London Dry G&T,G,true,3226,https://ecom-su-static-prod.wtrecom.com/images/products/3/LN_461467_BP_3.jpg,https://www.waitrose.com/ecom/products/sipsmith-london-dry-gt/461467-695000-695001,Sipsmith London Dry G&T,250ml,£3.10,£12.40/litre,Mix & Match Add 4 for 3 Cheapest Item Free,Dietary & Lifestyle
461335,Brewgooder Mixed Pack,G,true,3227,https://ecom-su-static-prod.wtrecom.com/images/products/3/LN_461335_BP_3.jpg,https://www.waitrose.com/ecom/products/brewgooder-mixed-pack/461335-802714-802715,Brewgooder Mixed Pack,4x330ml,£5.85,£4.44/litre,save 65p. Was £6.50,Dietary & Lifestyle
459241,Proper Chips Lentil Chips Sea Salt,G,true,3228,https://ecom-su-static-prod.wtrecom.com/images/products/3/LN_459241_BP_3.jpg,https://www.waitrose.com/ecom/products/proper-chips-lentil-chips-sea-salt/459241-719405-719406,Proper Chips Lentil Chips Sea Salt,20g,£1.10,£5.50/100g,"£5 Food to Go Meal Deal: Add 1 Main, 1 Snack and 1 Drink",Dietary & Lifestyle
458346,Waitrose Plant Living Loaded Vegetable Kebabs,G,false,3229,https://ecom-su-static-prod.wtrecom.com/images/products/3/LN_458346_BP_3.jpg,https://www.waitrose.com/ecom/products/waitrose-plant-living-loaded-vegetable-kebabs/458346-825037-825038,Waitrose Plant Living Loaded Vegetable Kebabs,264g,£2.60,98.5p/100g,,Dietary & Lifestyle
457007,Ben & Jerry's Caramel Chew Chew Ice Cream Tub,G,true,3230,https://ecom-su-static-prod.wtrecom.com/images/products/3/LN_457007_BP_3.jpg,https://www.waitrose.com/ecom/products/ben-jerrys-caramel-chew-chew-ice-cream-tub/457007-801764-801765,Ben & Jerry's Caramel Chew Chew Ice Cream Tub,465ml,£3.75,80.6p/100ml,Save £1.75. Was £5.50,Dietary & Lifestyle
456698,Ella's Kitchen Organic Mango Rice Pudding 7+ Months,G,false,3231,https://ecom-su-static-prod.wtrecom.com/images/products/3/LN_456698_BP_3.jpg,https://www.waitrose.com/ecom/products/ellas-kitchen-organic-mango-rice-pudding-7-months/456698-509192-509193,Ella's Kitchen Organic Mango Rice Pudding 7+ Months,4x80g,£2.35,73.4p/100g,,Dietary & Lifestyle
454378,YuMOVE Joint Care Tablets for Adult Dogs,G,false,3232,https://ecom-su-static-prod.wtrecom.com/images/products/3/LN_454378_BP_3.jpg,https://www.waitrose.com/ecom/products/yumove-joint-care-tablets-for-adult-dogs/454378-815111-815112,YuMOVE Joint Care Tablets for Adult Dogs,80Each,£20.00,25p each,,Dietary & Lifestyle
454133,Cauldron Hoisin Tofu,G,false,3233,https://ecom-su-static-prod.wtrecom.com/images/products/3/LN_454133_BP_3.jpg,https://www.waitrose.com/ecom/products/cauldron-hoisin-tofu/454133-779046-779047,Cauldron Hoisin Tofu,160g,£2.90,£18.13/kg,,Dietary & Lifestyle
453907,Jubel Beer Cut with Peach,G,false,3234,https://ecom-su-static-prod.wtrecom.com/images/products/3/LN_453907_BP_3.jpg,https://www.waitrose.com/ecom/products/jubel-beer-cut-with-peach/453907-757283-757284,Jubel Beer Cut with Peach,330ml,£2.10,£6.37/litre,,Dietary & Lifestyle
453741,Teapigs Grean Tea with PEach 15 Tea Temples,G,false,3235,https://ecom-su-static-prod.wtrecom.com/images/products/3/LN_453741_BP_3.jpg,https://www.waitrose.com/ecom/products/teapigs-grean-tea-with-peach-15-tea-temples/453741-776640-776641,Teapigs Grean Tea with PEach 15 Tea Temples,37.5g,£4.75,£12.67/100g,,Dietary & Lifestyle
453316,Love Raw Vegan Peanut Butter Cups,G,false,3236,https://ecom-su-static-prod.wtrecom.com/images/products/3/LN_453316_BP_3.jpg,https://www.waitrose.com/ecom/products/love-raw-vegan-peanut-butter-cups/453316-798700-798701,Love Raw Vegan Peanut Butter Cups,34g,£1.80,£5.30/100g,,Dietary & Lifestyle
450273,Tisserand Sleep Better Pillow Mist,G,true,3237,https://ecom-su-static-prod.wtrecom.com/images/products/3/LN_450273_BP_3.jpg,https://www.waitrose.com/ecom/products/tisserand-sleep-better-pillow-mist/450273-666924-666925,Tisserand Sleep Better Pillow Mist,100ml,£7.87,£7.87/100ml,25% Off. Was £10.50,Dietary & Lifestyle
445689,Ben & Jerry's Chocolate Half Baked Ice Cream Tub,G,true,3238,https://ecom-su-static-prod.wtrecom.com/images/products/3/LN_445689_BP_3.jpg,https://www.waitrose.com/ecom/products/ben-jerrys-chocolate-half-baked-ice-cream-tub/445689-62746-62747,Ben & Jerry's Chocolate Half Baked Ice Cream Tub,465ml,£3.75,80.6p/100ml,Save £1.75. Was £5.50,Dietary & Lifestyle
444892,Lily's Kitchen Tasty Cuts in Gravy Mixed Multipack Wet Food for Cats,G,false,3239,https://ecom-su-static-prod.wtrecom.com/images/products/3/LN_444892_BP_3.jpg,https://www.waitrose.com/ecom/products/lilys-kitchen-tasty-cuts-in-gravy-mixed-multipack-wet-food-for-cats/444892-748766-748766,Lily's Kitchen Tasty Cuts in Gravy Mixed Multipack Wet Food for Cats,8x85g,£9.25,£13.61/kg,,Dietary & Lifestyle
444555,Bull Dog Beard 2 In 1,G,true,3240,https://ecom-su-static-prod.wtrecom.com/images/products/3/LN_444555_BP_3.jpg,https://www.waitrose.com/ecom/products/bull-dog-beard-2-in-1/444555-526556-526557,Bull Dog Beard 2 In 1,200ml,£4.20,£2.10/100ml,Save 1/3. Was £6.30,Dietary & Lifestyle
443816,The Tofoo Co. Sriracha,G,false,3241,https://ecom-su-static-prod.wtrecom.com/images/products/3/LN_443816_BP_3.jpg,https://www.waitrose.com/ecom/products/the-tofoo-co-sriracha/443816-779042-779043,The Tofoo Co. Sriracha,280g,£2.90,£10.36/kg,,Dietary & Lifestyle
441513,Ella's Kitchen Dairy Free Rice Pudding,G,true,3242,https://ecom-su-static-prod.wtrecom.com/images/products/3/LN_441513_BP_3.jpg,https://www.waitrose.com/ecom/products/ellas-kitchen-dairy-free-rice-pudding/441513-723649-723650,Ella's Kitchen Dairy Free Rice Pudding,80g,£1.75,£2.19/100g,Add 5 for £7,Dietary & Lifestyle
440988,Kellogg's Choco Wheats Chocolate Breakfast Cereal,G,false,3243,https://ecom-su-static-prod.wtrecom.com/images/products/3/LN_440988_BP_3.jpg,https://www.waitrose.com/ecom/products/kelloggs-choco-wheats-chocolate-breakfast-cereal/440988-793375-793376,Kellogg's Choco Wheats Chocolate Breakfast Cereal,480g,£2.00,41.7p/100g,,Dietary & Lifestyle
440272,TREK Gluten Free White Choc & Raspberry Protein Flapjack,G,true,3244,https://ecom-su-static-prod.wtrecom.com/images/products/3/LN_440272_BP_3.jpg,https://www.waitrose.com/ecom/products/trek-gluten-free-white-choc-raspberry-protein-flapjack/440272-744897-744898,TREK Gluten Free White Choc & Raspberry Protein Flapjack,50g,£1.00,£2/100g,save 20p. Was £1.20,Dietary & Lifestyle
439753,Pact Coffee Bourbon Cream Espresso Ground,G,false,3245,https://ecom-su-static-prod.wtrecom.com/images/products/3/LN_439753_BP_3.jpg,https://www.waitrose.com/ecom/products/pact-coffee-bourbon-cream-espresso-ground/439753-813332-813333,Pact Coffee Bourbon Cream Espresso Ground,200g,£6.95,£3.48/100g,,Dietary & Lifestyle
439273,Bassetts Vitamins Multivitamins Strawberry 3-6 Years,G,false,3246,https://ecom-su-static-prod.wtrecom.com/images/products/3/LN_439273_BP_3.jpg,https://www.waitrose.com/ecom/products/bassetts-vitamins-multivitamins-strawberry-3-6-years/439273-453203-453204,Bassetts Vitamins Multivitamins Strawberry 3-6 Years,30s,£5.65,18.8p each,,Dietary & Lifestyle
438972,Salt Of The Earth Pure Aura Deodorant,G,true,3247,https://ecom-su-static-prod.wtrecom.com/images/products/3/LN_438972_BP_3.jpg,https://www.waitrose.com/ecom/products/salt-of-the-earth-pure-aura-deodorant/438972-494726-494727,Salt Of The Earth Pure Aura Deodorant,100ml,£5.60,£5.60/100ml,25% Off. Was £7.50,Dietary & Lifestyle
438254,TREK Gluten Free Cocoa Oat Protein Flapjack,G,true,3248,https://ecom-su-static-prod.wtrecom.com/images/products/3/LN_438254_BP_3.jpg,https://www.waitrose.com/ecom/products/trek-gluten-free-cocoa-oat-protein-flapjack/438254-367574-367575,TREK Gluten Free Cocoa Oat Protein Flapjack,50g,£1.00,£2/100g,save 20p. Was £1.20,Dietary & Lifestyle
437771,OGGS Aquafaba Egg Substitute,G,false,3249,https://ecom-su-static-prod.wtrecom.com/images/products/3/LN_437771_BP_3.jpg,https://www.waitrose.com/ecom/products/oggs-aquafaba-egg-substitute/437771-729858-729859,OGGS Aquafaba Egg Substitute,200ml,£2.10,£1.05/100ml,,Dietary & Lifestyle
437723,Empress Premium Lager,G,false,3250,https://ecom-su-static-prod.wtrecom.com/images/products/3/LN_437723_BP_3.jpg,https://www.waitrose.com/ecom/products/empress-premium-lager/437723-791021-791022,Empress Premium Lager,330ml,£2.30,£6.97/litre,,Dietary & Lifestyle
437326,Pact House Blend Pods 14s,G,true,3251,https://ecom-su-static-prod.wtrecom.com/images/products/3/LN_437326_BP_3.jpg,https://www.waitrose.com/ecom/products/pact-house-blend-pods-14s/437326-813330-813331,Pact House Blend Pods 14s,75.6g,£4.40,£5.83/100g,save £1.10. Was £5.50,Dietary & Lifestyle
437168,PlantLiving: Vanilla Traybake,G,false,3252,https://ecom-su-static-prod.wtrecom.com/images/products/3/LN_437168_BP_3.jpg,https://www.waitrose.com/ecom/products/plantliving-vanilla-traybake/437168-769070-769071,PlantLiving: Vanilla Traybake,426g,£5.50,£1.30/100g,,Dietary & Lifestyle
436621,Tilda Giant Wild Rice,G,false,3253,https://ecom-su-static-prod.wtrecom.com/images/products/3/LN_436621_BP_3.jpg,https://www.waitrose.com/ecom/products/tilda-giant-wild-rice/436621-260688-260689,Tilda Giant Wild Rice,250g,£5.25,£21/kg,,Dietary & Lifestyle
436426,Alpro Soya Chilled Chocolate Dairy Free Milk Alternative,G,false,3254,https://ecom-su-static-prod.wtrecom.com/images/products/3/LN_436426_BP_3.jpg,https://www.waitrose.com/ecom/products/alpro-soya-chilled-chocolate-dairy-free-milk-alternative/436426-741004-741005,Alpro Soya Chilled Chocolate Dairy Free Milk Alternative,1litre,£2.10,£2.10/litre,,Dietary & Lifestyle
435568,Eat Natural Gluten Free Granola Buckwheat & Honey,G,false,3255,https://ecom-su-static-prod.wtrecom.com/images/products/3/LN_435568_BP_3.jpg,https://www.waitrose.com/ecom/products/eat-natural-gluten-free-granola-buckwheat-honey/435568-450340-450341,Eat Natural Gluten Free Granola Buckwheat & Honey,425g,£3.75,88.2p/100g,,Dietary & Lifestyle
433253,Dr. Oetker Liquid Glucose,G,false,3256,https://ecom-su-static-prod.wtrecom.com/images/products/3/LN_433253_BP_3.jpg,https://www.waitrose.com/ecom/products/dr-oetker-liquid-glucose/433253-60939-60940,Dr. Oetker Liquid Glucose,140g,£2.15,£1.54/100g,,Dietary & Lifestyle
429209,Waitrose Evening Primrose Oil,G,false,3257,https://ecom-su-static-prod.wtrecom.com/images/products/3/LN_429209_BP_3.jpg,https://www.waitrose.com/ecom/products/waitrose-evening-primrose-oil/429209-236198-236199,Waitrose Evening Primrose Oil,60s,£7.15,11.9p each,,Dietary & Lifestyle
423861,Optibac Gut Health Gummies,G,true,3258,https://ecom-su-static-prod.wtrecom.com/images/products/3/LN_423861_BP_3.jpg,https://www.waitrose.com/ecom/products/optibac-gut-health-gummies/423861-788492-788493,Optibac Gut Health Gummies,30s,£11.00,36.7p each,save £2.60. Was £13.60,Dietary & Lifestyle
423539,Ultra Glucosamine & Chondroitin,G,false,3259,https://ecom-su-static-prod.wtrecom.com/images/products/3/LN_423539_BP_3.jpg,https://www.waitrose.com/ecom/products/ultra-glucosamine-chondroitin/423539-202303-202304,Ultra Glucosamine & Chondroitin,60s,£16.30,27.2p each,,Dietary & Lifestyle
420609,Weleda Skin Food Light,G,false,3260,https://ecom-su-static-prod.wtrecom.com/images/products/3/LN_420609_BP_3.jpg,https://www.waitrose.com/ecom/products/weleda-skin-food-light/420609-703935-703936,Weleda Skin Food Light,30ml,£9.00,£30/100ml,,Dietary & Lifestyle
420030,Goodrays CBD Drink Passionfruit & Pomelo,G,true,3261,https://ecom-su-static-prod.wtrecom.com/images/products/3/LN_420030_BP_3.jpg,https://www.waitrose.com/ecom/products/goodrays-cbd-drink-passionfruit-pomelo/420030-791821-791822,Goodrays CBD Drink Passionfruit & Pomelo,4x250ml,£6.00,60p/100ml,save £1.50. Was £7.50,Dietary & Lifestyle
416913,Kind Peanut Butter Dark Chocolate,G,true,3262,https://ecom-su-static-prod.wtrecom.com/images/products/3/LN_416913_BP_3.jpg,https://www.waitrose.com/ecom/products/kind-peanut-butter-dark-chocolate/416913-497614-497615,Kind Peanut Butter Dark Chocolate,40g,£1.45,£3.63/100g,"£5 Food to Go Meal Deal: Add 1 Main, 1 Snack and 1 Drink",Dietary & Lifestyle
416618,Tri-Molecular Hyaluronic Serum,G,false,3263,https://ecom-su-static-prod.wtrecom.com/images/products/3/LN_416618_BP_3.jpg,https://www.waitrose.com/ecom/products/tri-molecular-hyaluronic-serum/416618-799924-799925,Tri-Molecular Hyaluronic Serum,30ml,£33.00,£110/100ml,,Dietary & Lifestyle
415436,Nip+Fab Scrub Fix,G,true,3264,https://ecom-su-static-prod.wtrecom.com/images/products/3/LN_415436_BP_3.jpg,https://www.waitrose.com/ecom/products/nipfab-scrub-fix/415436-666898-666899,Nip+Fab Scrub Fix,75ml,£9.10,£12.14/100ml,Save 1/3. Was £13.65,Dietary & Lifestyle
414816,Plants By Deliciously Ella Creamy Artichoke Pasta Sauce,G,true,3265,https://ecom-su-static-prod.wtrecom.com/images/products/3/LN_414816_BP_3.jpg,https://www.waitrose.com/ecom/products/plants-by-deliciously-ella-creamy-artichoke-pasta-sauce/414816-802519-802520,Plants By Deliciously Ella Creamy Artichoke Pasta Sauce,180g,£2.40,£1.34/100g,20% Off. Was £3.00,Dietary & Lifestyle
414433,Tony's Chocolonely Tiny Mix of Choc Flavours,G,false,3266,https://ecom-su-static-prod.wtrecom.com/images/products/3/LN_414433_BP_3.jpg,https://www.waitrose.com/ecom/products/tonys-chocolonely-tiny-mix-of-choc-flavours/414433-777254-777255,Tony's Chocolonely Tiny Mix of Choc Flavours,180g,£6.00,£3.34/100g,,Dietary & Lifestyle
412357,Quaker Protein Sachets - Original,G,true,3267,https://ecom-su-static-prod.wtrecom.com/images/products/3/LN_412357_BP_3.jpg,https://www.waitrose.com/ecom/products/quaker-protein-sachets-original/412357-823324-823325,Quaker Protein Sachets - Original,8x37.7g,£3.50,£1.17/100g,Add 2 for £4.50,Dietary & Lifestyle
411254,Belazu Rose Harissa Pesto,G,false,3268,https://ecom-su-static-prod.wtrecom.com/images/products/3/LN_411254_BP_3.jpg,https://www.waitrose.com/ecom/products/belazu-rose-harissa-pesto/411254-703925-703926,Belazu Rose Harissa Pesto,165g,£3.35,£2.04/100g,,Dietary & Lifestyle
410912,Maidea Gluten Free Tagliatelle Pasta,G,false,3269,https://ecom-su-static-prod.wtrecom.com/images/products/3/LN_410912_BP_3.jpg,https://www.waitrose.com/ecom/products/maidea-gluten-free-tagliatelle-pasta/410912-760803-760804,Maidea Gluten Free Tagliatelle Pasta,250g,£3.60,£1.44/100g,,Dietary & Lifestyle
408312,Brew Tea Co English Breakfast 40 Tea Bags,G,false,3270,https://ecom-su-static-prod.wtrecom.com/images/products/3/LN_408312_BP_3.jpg,https://www.waitrose.com/ecom/products/brew-tea-co-english-breakfast-40-tea-bags/408312-457044-457045,Brew Tea Co English Breakfast 40 Tea Bags,150g,£8.95,£5.97/100g,,Dietary & Lifestyle
406175,itsu Teriyaki Chick'N Vegan Gyoza 12s,G,true,3271,https://ecom-su-static-prod.wtrecom.com/images/products/3/LN_406175_BP_3.jpg,https://www.waitrose.com/ecom/products/itsu-teriyaki-chickn-vegan-gyoza-12s/406175-741639-741640,itsu Teriyaki Chick'N Vegan Gyoza 12s,240g,£3.55,£14.80/kg,20% Off. Was £4.45,Dietary & Lifestyle
403928,TREK Gluten Free Salted Caramel Protein Flapjack,G,true,3272,https://ecom-su-static-prod.wtrecom.com/images/products/3/LN_403928_BP_3.jpg,https://www.waitrose.com/ecom/products/trek-gluten-free-salted-caramel-protein-flapjack/403928-721789-721790,TREK Gluten Free Salted Caramel Protein Flapjack,50g,£1.00,£2/100g,save 20p. Was £1.20,Dietary & Lifestyle
403712,Fearne & Rosie Reduced Sugar Strawberry Jam 310g,G,true,3273,https://ecom-su-static-prod.wtrecom.com/images/products/3/LN_403712_BP_3.jpg,https://www.waitrose.com/ecom/products/fearne-rosie-reduced-sugar-strawberry-jam-310g/403712-785930-785931,Fearne & Rosie Reduced Sugar Strawberry Jam 310g,310g,£2.55,82.3p/100g,20% Off. Was £3.20,Dietary & Lifestyle
401627,Nature's Bounty Turmeric,G,true,3274,https://ecom-su-static-prod.wtrecom.com/images/products/3/LN_401627_BP_3.jpg,https://www.waitrose.com/ecom/products/natures-bounty-turmeric/401627-746122-746123,Nature's Bounty Turmeric,60s,£7.70,12.8p each,Save 1/3. Was £11.55,Dietary & Lifestyle
401375,Bassetts Vitamins Adult Multivitamins Pastilles,G,false,3275,https://ecom-su-static-prod.wtrecom.com/images/products/3/LN_401375_BP_3.jpg,https://www.waitrose.com/ecom/products/bassetts-vitamins-adult-multivitamins-pastilles/401375-721783-721784,Bassetts Vitamins Adult Multivitamins Pastilles,30s,£7.35,24.5p each,,Dietary & Lifestyle
400301,Bioglan Super Fish Oil,G,false,3276,https://ecom-su-static-prod.wtrecom.com/images/products/3/LN_400301_BP_3.jpg,https://www.waitrose.com/ecom/products/bioglan-super-fish-oil/400301-482241-482242,Bioglan Super Fish Oil,100s,£13.50,13.5p each,,Dietary & Lifestyle
400051,Brew Tea Co Green Tea Loose Leaf,G,false,3277,https://ecom-su-static-prod.wtrecom.com/images/products/3/LN_400051_BP_3.jpg,https://www.waitrose.com/ecom/products/brew-tea-co-green-tea-loose-leaf/400051-666882-666883,Brew Tea Co Green Tea Loose Leaf,113g,£6.50,£5.76/100g,,Dietary & Lifestyle
381056,Waitrose Cod Liver Oil & Fish Oil,G,false,3278,https://ecom-su-static-prod.wtrecom.com/images/products/3/LN_381056_BP_3.jpg,https://www.waitrose.com/ecom/products/waitrose-cod-liver-oil-fish-oil/381056-236192-236193,Waitrose Cod Liver Oil & Fish Oil,90s,£7.15,7.9p each,,Dietary & Lifestyle
368735,Ella's Kitchen Pears Apples & Baby Rice,G,false,3279,https://ecom-su-static-prod.wtrecom.com/images/products/3/LN_368735_BP_3.jpg,https://www.waitrose.com/ecom/products/ellas-kitchen-pears-apples-baby-rice/368735-115595-115596,Ella's Kitchen Pears Apples & Baby Rice,120g,£1.35,£1.13/100g,,Dietary & Lifestyle
202543,Quorn Roast Mini Fillets,G,false,3280,https://ecom-su-static-prod.wtrecom.com/images/products/3/LN_202543_BP_3.jpg,https://www.waitrose.com/ecom/products/quorn-roast-mini-fillets/202543-824981-824982,Quorn Roast Mini Fillets,138g,£3.10,£2.25/100g,,Dietary & Lifestyle
098795,Henderson's Relish,G,false,3281,https://ecom-su-static-prod.wtrecom.com/images/products/3/LN_098795_BP_3.jpg,https://www.waitrose.com/ecom/products/hendersons-relish/098795-50373-50374,Henderson's Relish,284ml,£2.00,70.4p/100ml,,Dietary & Lifestyle
098250,Immunace Original Immune System,G,false,3282,https://ecom-su-static-prod.wtrecom.com/images/products/3/LN_098250_BP_3.jpg,https://www.waitrose.com/ecom/products/immunace-original-immune-system/098250-50097-50098,Immunace Original Immune System,30s,£7.90,26.3p each,,Dietary & Lifestyle
093405,Bach Rescue Remedy,G,false,3283,https://ecom-su-static-prod.wtrecom.com/images/products/3/LN_093405_BP_3.jpg,https://www.waitrose.com/ecom/products/bach-rescue-remedy/093405-47968-47969,Bach Rescue Remedy,20ml,£13.00,£65/100ml,,Dietary & Lifestyle
093272,Waitrose Perfectly Ripe Pearl Blush Peaches,G,false,3284,https://ecom-su-static-prod.wtrecom.com/images/products/3/LN_093272_BP_3.jpg,https://www.waitrose.com/ecom/products/waitrose-perfectly-ripe-pearl-blush-peaches/093272-47918-47919,Waitrose Perfectly Ripe Pearl Blush Peaches,4s,£3.60,90p each,,Dietary & Lifestyle
088476,Duchy Organic Limited Selection Grapes,G,false,3285,https://ecom-su-static-prod.wtrecom.com/images/products/3/LN_088476_BP_3.jpg,https://www.waitrose.com/ecom/products/duchy-organic-limited-selection-grapes/088476-45419-45420,Duchy Organic Limited Selection Grapes,400g,£3.25,£8.13/kg,,Dietary & Lifestyle
088136,Waitrose Apricots,G,false,3286,https://ecom-su-static-prod.wtrecom.com/images/products/3/LN_088136_BP_3.jpg,https://www.waitrose.com/ecom/products/waitrose-apricots/088136-45119-45120,Waitrose Apricots,,£7.00,per kg,,Dietary & Lifestyle
088039,Cooks' Ingredients Blackcurrants,G,true,3287,https://ecom-su-static-prod.wtrecom.com/images/products/3/LN_088039_BP_3.jpg,https://www.waitrose.com/ecom/products/cooks-ingredients-blackcurrants/088039-730554-45018,Cooks' Ingredients Blackcurrants,150g,£2.20,£14.67/kg,Add 2 for £4,Dietary & Lifestyle
088033,Waitrose Dessert Gooseberries,G,true,3288,https://ecom-su-static-prod.wtrecom.com/images/products/3/LN_088033_BP_3.jpg,https://www.waitrose.com/ecom/products/waitrose-dessert-gooseberries/088033-45008-45009,Waitrose Dessert Gooseberries,300g,£2.50,£8.34/kg,Add 2 for £4,Dietary & Lifestyle
085990,Sharwood's Chilli & Cumin Poppadoms,G,false,3289,https://ecom-su-static-prod.wtrecom.com/images/products/3/LN_085990_BP_3.jpg,https://www.waitrose.com/ecom/products/sharwoods-chilli-cumin-poppadoms/085990-43853-43854,Sharwood's Chilli & Cumin Poppadoms,8s,£2.35,29.4p each,,Dietary & Lifestyle
085314,Duchy Organic Savoy Cabbage,G,false,3290,https://ecom-su-static-prod.wtrecom.com/images/products/3/LN_085314_BP_3.jpg,https://www.waitrose.com/ecom/products/duchy-organic-savoy-cabbage/085314-43392-43393,Duchy Organic Savoy Cabbage,Each,£1.75,£1.75 each,,Dietary & Lifestyle
084782,Menopace Original,G,true,3291,https://ecom-su-static-prod.wtrecom.com/images/products/3/LN_084782_BP_3.jpg,https://www.waitrose.com/ecom/products/menopace-original/084782-43001-43002,Menopace Original,30s,£3.16,10.5p each,Save 1/3. Was £4.75,Dietary & Lifestyle
082474,Perfectil Original,G,true,3292,https://ecom-su-static-prod.wtrecom.com/images/products/3/LN_082474_BP_3.jpg,https://www.waitrose.com/ecom/products/perfectil-original/082474-41957-41958,Perfectil Original,30s,£4.20,14p each,Save 1/3. Was £6.30,Dietary & Lifestyle
078363,Château Maris Vieilles Vignes Organic Minervois,W,true,3293,https://ecom-su-static-prod.wtrecom.com/images/products/3/LN_078363_BP_3.jpg,https://www.waitrose.com/ecom/products/chateau-maris-vieilles-vignes-organic-minervois/078363-39895-39896,Château Maris Vieilles Vignes Organic Minervois,75cl,£11.99,£11.99/75cl,Buyers Choice,Dietary & Lifestyle
075102,Waitrose Lychees,G,false,3294,https://ecom-su-static-prod.wtrecom.com/images/products/3/LN_075102_BP_3.jpg,https://www.waitrose.com/ecom/products/waitrose-lychees/075102-38096-38097,Waitrose Lychees,10s,£3.50,£2/100g,,Dietary & Lifestyle
075028,Pregnacare Original Tablets,G,false,3295,https://ecom-su-static-prod.wtrecom.com/images/products/3/LN_075028_BP_3.jpg,https://www.waitrose.com/ecom/products/pregnacare-original-tablets/075028-38048-38049,Pregnacare Original Tablets,30s,£4.20,14p each,,Dietary & Lifestyle
073116,Essential Less Than Perfect Peppers,G,false,3296,https://ecom-su-static-prod.wtrecom.com/images/products/3/LN_073116_BP_3.jpg,https://www.waitrose.com/ecom/products/essential-less-than-perfect-peppers/073116-37102-37103,Essential Less Than Perfect Peppers,750g,£1.90,£2.54/kg,,Dietary & Lifestyle
071824,Waitrose Soup Mix,G,false,3297,https://ecom-su-static-prod.wtrecom.com/images/products/3/LN_071824_BP_3.jpg,https://www.waitrose.com/ecom/products/waitrose-soup-mix/071824-36466-36467,Waitrose Soup Mix,500g,£1.00,£2/kg,,Dietary & Lifestyle
071050,Waitrose Passata With Onion & Garlic,G,false,3298,https://ecom-su-static-prod.wtrecom.com/images/products/3/LN_071050_BP_3.jpg,https://www.waitrose.com/ecom/products/waitrose-passata-with-onion-garlic/071050-36008-36009,Waitrose Passata With Onion & Garlic,680g,£1.25,£1.84/kg,,Dietary & Lifestyle
067356,Waitrose Passata With Chopped Basil,G,false,3299,https://ecom-su-static-prod.wtrecom.com/images/products/3/LN_067356_BP_3.jpg,https://www.waitrose.com/ecom/products/waitrose-passata-with-chopped-basil/067356-34169-34170,Waitrose Passata With Chopped Basil,680g,£1.25,£1.84/kg,,Dietary & Lifestyle
067161,Seven Seas One-A-Day Cod Liver Oil,G,false,3300,https://ecom-su-static-prod.wtrecom.com/images/products/3/LN_067161_BP_3.jpg,https://www.waitrose.com/ecom/products/seven-seas-one-a-day-cod-liver-oil/067161-34032-34033,Seven Seas One-A-Day Cod Liver Oil,120s,£11.55,9.6p each,,Dietary & Lifestyle
064418,Warre's Late Bottled Vintage Port,W,false,3301,https://ecom-su-static-prod.wtrecom.com/images/products/3/LN_064418_BP_3.jpg,https://www.waitrose.com/ecom/products/warres-late-bottled-vintage-port/064418-32694-32695,Warre's Late Bottled Vintage Port,75cl,£27.99,£27.99/75cl,,Dietary & Lifestyle
064390,Maker's Mark Kentucky Straight Bourbon,G,false,3302,https://ecom-su-static-prod.wtrecom.com/images/products/3/LN_064390_BP_3.jpg,https://www.waitrose.com/ecom/products/makers-mark-kentucky-straight-bourbon/064390-32673-32674,Maker's Mark Kentucky Straight Bourbon,70cl,£35.00,£50/litre,,Dietary & Lifestyle
064260,Jointace Omega-3 Capsules,G,false,3303,https://ecom-su-static-prod.wtrecom.com/images/products/3/LN_064260_BP_3.jpg,https://www.waitrose.com/ecom/products/jointace-omega-3-capsules/064260-32614-32615,Jointace Omega-3 Capsules,30s,£12.10,40.3p each,,Dietary & Lifestyle
061982,No.1 Italian Espresso Slow Roasted Coffee Beans,G,false,3304,https://ecom-su-static-prod.wtrecom.com/images/products/3/LN_061982_BP_3.jpg,https://www.waitrose.com/ecom/products/no1-italian-espresso-slow-roasted-coffee-beans/061982-31391-31392,No.1 Italian Espresso Slow Roasted Coffee Beans,250g,£6.00,£2.40/100g,,Dietary & Lifestyle
060731,Pitrok Crystal Deodorant Spray,G,false,3305,https://ecom-su-static-prod.wtrecom.com/images/products/3/LN_060731_BP_3.jpg,https://www.waitrose.com/ecom/products/pitrok-crystal-deodorant-spray/060731-30694-30695,Pitrok Crystal Deodorant Spray,100ml,£5.00,£5/100ml,,Dietary & Lifestyle
051888,Wellwoman Original Tablets,G,true,3306,https://ecom-su-static-prod.wtrecom.com/images/products/3/LN_051888_BP_3.jpg,https://www.waitrose.com/ecom/products/wellwoman-original-tablets/051888-25828-25829,Wellwoman Original Tablets,30s,£4.40,14.7p each,Save 1/3. Was £6.60,Dietary & Lifestyle
049213,Jointace Original Glucosamine,G,false,3307,https://ecom-su-static-prod.wtrecom.com/images/products/3/LN_049213_BP_3.jpg,https://www.waitrose.com/ecom/products/jointace-original-glucosamine/049213-24520-24521,Jointace Original Glucosamine,30s,£12.10,40.3p each,,Dietary & Lifestyle
048215,A.Vogel Echinaforce Drops,G,false,3308,https://ecom-su-static-prod.wtrecom.com/images/products/3/LN_048215_BP_3.jpg,https://www.waitrose.com/ecom/products/avogel-echinaforce-drops/048215-23905-23906,A.Vogel Echinaforce Drops,100ml,£17.00,£17/100ml,,Dietary & Lifestyle
046348,Buxton Still Natural Mineral Water,G,false,3309,https://ecom-su-static-prod.wtrecom.com/images/products/3/LN_046348_BP_3.jpg,https://www.waitrose.com/ecom/products/buxton-still-natural-mineral-water/046348-22830-22831,Buxton Still Natural Mineral Water,1.5litre,£1.15,7.7p/100ml,,Dietary & Lifestyle
042306,Duchy Organic Free Range British Pork Fillet,G,false,3310,https://ecom-su-static-prod.wtrecom.com/images/products/3/LN_042306_BP_3.jpg,https://www.waitrose.com/ecom/products/duchy-organic-free-range-british-pork-fillet/042306-20944-20945,Duchy Organic Free Range British Pork Fillet,Typical weight 0.45kg,£10.35 each est.,£23.00/kg,,Dietary & Lifestyle
042197,No.1 Italian Espresso Grounds,G,false,3311,https://ecom-su-static-prod.wtrecom.com/images/products/3/LN_042197_BP_3.jpg,https://www.waitrose.com/ecom/products/no1-italian-espresso-grounds/042197-20896-20897,No.1 Italian Espresso Grounds,125g,£6.00,£4.80/100g,,Dietary & Lifestyle
037737,Tilda Easy Cook Basmati Rice,G,false,3312,https://ecom-su-static-prod.wtrecom.com/images/products/3/LN_037737_BP_3.jpg,https://www.waitrose.com/ecom/products/tilda-easy-cook-basmati-rice/037737-18839-18840,Tilda Easy Cook Basmati Rice,1kg,£5.25,£5.25/kg,,Dietary & Lifestyle
034765,"Waitrose Tapenade Olive, Lemon & Coriander",G,false,3313,https://ecom-su-static-prod.wtrecom.com/images/products/3/LN_034765_BP_3.jpg,https://www.waitrose.com/ecom/products/waitrose-tapenade-olive-lemon-coriander/034765-17521-17522,"Waitrose Tapenade Olive, Lemon & Coriander",165g,£3.25,£1.97/100g,,Dietary & Lifestyle
034368,Jointace Collagen Tablets,G,false,3314,https://ecom-su-static-prod.wtrecom.com/images/products/3/LN_034368_BP_3.jpg,https://www.waitrose.com/ecom/products/jointace-collagen-tablets/034368-17241-17242,Jointace Collagen Tablets,30s,£15.25,50.8p each,,Dietary & Lifestyle
034159,Waitrose Yellow Split Peas,G,false,3315,https://ecom-su-static-prod.wtrecom.com/images/products/3/LN_034159_BP_3.jpg,https://www.waitrose.com/ecom/products/waitrose-yellow-split-peas/034159-17105-17106,Waitrose Yellow Split Peas,500g,£1.15,£2.30/kg,,Dietary & Lifestyle
033798,A.Vogel Echinaforce Tablets,G,false,3316,https://ecom-su-static-prod.wtrecom.com/images/products/3/LN_033798_BP_3.jpg,https://www.waitrose.com/ecom/products/avogel-echinaforce-tablets/033798-16929-16930,A.Vogel Echinaforce Tablets,120s,£11.00,9.2p each,,Dietary & Lifestyle
032318,Menopace Plus Botanicals,G,true,3317,https://ecom-su-static-prod.wtrecom.com/images/products/3/LN_032318_BP_3.jpg,https://www.waitrose.com/ecom/products/menopace-plus-botanicals/032318-15767-15767,Menopace Plus Botanicals,2x28s,£11.56,20.6p each,Save 1/3. Was £17.35,Dietary & Lifestyle
029414,Duchy Organic Frozen Leaf Spinach,G,false,3318,https://ecom-su-static-prod.wtrecom.com/images/products/3/LN_029414_BP_3.jpg,https://www.waitrose.com/ecom/products/duchy-organic-frozen-leaf-spinach/029414-14377-14378,Duchy Organic Frozen Leaf Spinach,500g,£2.00,£4/kg,,Dietary & Lifestyle
027616,Waitrose English Breakfast 50 Tea Bags,G,false,3319,https://ecom-su-static-prod.wtrecom.com/images/products/3/LN_027616_BP_3.jpg,https://www.waitrose.com/ecom/products/waitrose-english-breakfast-50-tea-bags/027616-13453-13454,Waitrose English Breakfast 50 Tea Bags,125g,£1.95,£1.56/100g,,Dietary & Lifestyle
027613,Waitrose Kenya 50 Tea Bags,G,false,3320,https://ecom-su-static-prod.wtrecom.com/images/products/3/LN_027613_BP_3.jpg,https://www.waitrose.com/ecom/products/waitrose-kenya-50-tea-bags/027613-13449-13450,Waitrose Kenya 50 Tea Bags,125g,£1.95,£1.56/100g,,Dietary & Lifestyle
027030,Weleda Citrus Deodorant,G,false,3321,https://ecom-su-static-prod.wtrecom.com/images/products/3/LN_027030_BP_3.jpg,https://www.waitrose.com/ecom/products/weleda-citrus-deodorant/027030-13141-13142,Weleda Citrus Deodorant,100ml,£10.20,£10.20/100ml,,Dietary & Lifestyle
023095,No.1 Italian Espresso SLow Roasted Ground Coffee,G,false,3322,https://ecom-su-static-prod.wtrecom.com/images/products/3/LN_023095_BP_3.jpg,https://www.waitrose.com/ecom/products/no1-italian-espresso-slow-roasted-ground-coffee/023095-11229-11230,No.1 Italian Espresso SLow Roasted Ground Coffee,250g,£6.00,£2.40/100g,,Dietary & Lifestyle
020865,Waitrose Perfectly Ripe Plums,G,false,3323,https://ecom-su-static-prod.wtrecom.com/images/products/3/LN_020865_BP_3.jpg,https://www.waitrose.com/ecom/products/waitrose-perfectly-ripe-plums/020865-10143-10144,Waitrose Perfectly Ripe Plums,6s,£3.99,66.5p each,,Dietary & Lifestyle
020020,Bach Rescue Remedy Spray,G,false,3324,https://ecom-su-static-prod.wtrecom.com/images/products/3/LN_020020_BP_3.jpg,https://www.waitrose.com/ecom/products/bach-rescue-remedy-spray/020020-9749-9750,Bach Rescue Remedy Spray,20ml,£13.00,£65/100ml,,Dietary & Lifestyle
019306,Essential Cottage Cheese Large Strength 1,G,false,3325,https://ecom-su-static-prod.wtrecom.com/images/products/3/LN_019306_BP_3.jpg,https://www.waitrose.com/ecom/products/essential-cottage-cheese-large-strength-1/019306-9339-9340,Essential Cottage Cheese Large Strength 1,600g,£2.50,£4.17/kg,,Dietary & Lifestyle
018502,Wellman Original Tablets,G,false,3326,https://ecom-su-static-prod.wtrecom.com/images/products/3/LN_018502_BP_3.jpg,https://www.waitrose.com/ecom/products/wellman-original-tablets/018502-8943-8944,Wellman Original Tablets,30s,£6.60,22p each,,Dietary & Lifestyle
016467,Bollinger La Grande Annee 2014,W,false,3327,https://ecom-su-static-prod.wtrecom.com/images/products/3/LN_016467_BP_3.jpg,https://www.waitrose.com/ecom/products/bollinger-la-grande-annee-2014/016467-7898-7899,Bollinger La Grande Annee 2014,75cl,£139.99,£139.99/75cl,,Dietary & Lifestyle
016056,Tilda Pure Basmati Rice,G,true,3328,https://ecom-su-static-prod.wtrecom.com/images/products/3/LN_016056_BP_3.jpg,https://www.waitrose.com/ecom/products/tilda-pure-basmati-rice/016056-7688-7689,Tilda Pure Basmati Rice,2kg,£8.00,£4/kg,save 90p. Was £8.90,Dietary & Lifestyle
010397,Warre's Quinta Da Cavadinha,W,false,3329,https://ecom-su-static-prod.wtrecom.com/images/products/3/LN_010397_BP_3.jpg,https://www.waitrose.com/ecom/products/warres-quinta-da-cavadinha/010397-5194-5195,Warre's Quinta Da Cavadinha,75cl,£36.99,£36.99/75cl,,Dietary & Lifestyle
009520,Waitrose Belgian Dark Choc with Hazelnuts,G,false,3330,https://ecom-su-static-prod.wtrecom.com/images/products/3/LN_009520_BP_3.jpg,https://www.waitrose.com/ecom/products/waitrose-belgian-dark-choc-with-hazelnuts/009520-4680-4681,Waitrose Belgian Dark Choc with Hazelnuts,180g,£2.20,£1.23/100g,,Dietary & Lifestyle
008623,WR Light Brown Muscovado Sugar,G,false,3331,https://ecom-su-static-prod.wtrecom.com/images/products/3/LN_008623_BP_3.jpg,https://www.waitrose.com/ecom/products/wr-light-brown-muscovado-sugar/008623-4109-4110,WR Light Brown Muscovado Sugar,1kg,£3.50,£3.50/kg,,Dietary & Lifestyle
006815,Waitrose Cashew Nuts,G,false,3332,https://ecom-su-static-prod.wtrecom.com/images/products/3/LN_006815_BP_3.jpg,https://www.waitrose.com/ecom/products/waitrose-cashew-nuts/006815-3061-3062,Waitrose Cashew Nuts,100g,£1.60,£1.60/100g,,Dietary & Lifestyle
006731,Waitrose Prunes with Stones,G,false,3333,https://ecom-su-static-prod.wtrecom.com/images/products/3/LN_006731_BP_3.jpg,https://www.waitrose.com/ecom/products/waitrose-prunes-with-stones/006731-3001-3002,Waitrose Prunes with Stones,250g,£1.95,£7.80/kg,,Dietary & Lifestyle
006129,Dr. Oetker Coloured Fondant Icing,G,false,3334,https://ecom-su-static-prod.wtrecom.com/images/products/3/LN_006129_BP_3.jpg,https://www.waitrose.com/ecom/products/dr-oetker-coloured-fondant-icing/006129-2682-2683,Dr. Oetker Coloured Fondant Icing,5x100g,£3.75,75p/100g,,Dietary & Lifestyle
005156,Evian Still Mineral Water Sportscap,G,false,3335,https://ecom-su-static-prod.wtrecom.com/images/products/3/LN_005156_BP_3.jpg,https://www.waitrose.com/ecom/products/evian-still-mineral-water-sportscap/005156-2225-2226,Evian Still Mineral Water Sportscap,4x75cl,£3.80,12.7p/100ml,,Dietary & Lifestyle
003926,Seven Seas Cod Liver Oil Maximum Strength,G,false,3336,https://ecom-su-static-prod.wtrecom.com/images/products/3/LN_003926_BP_3.jpg,https://www.waitrose.com/ecom/products/seven-seas-cod-liver-oil-maximum-strength/003926-1597-1598,Seven Seas Cod Liver Oil Maximum Strength,60s,£11.55,19.3p each,,Dietary & Lifestyle
003079,Weleda Calendula Nappy Change Cream,G,false,3337,https://ecom-su-static-prod.wtrecom.com/images/products/3/LN_003079_BP_3.jpg,https://www.waitrose.com/ecom/products/weleda-calendula-nappy-change-cream/003079-1138-1139,Weleda Calendula Nappy Change Cream,75ml,£7.90,£10.54/100ml,,Dietary & Lifestyle
872818,The Uncommon Rosé Bubbly,G,true,3338,https://ecom-su-static-prod.wtrecom.com/images/products/3/LN_872818_BP_3.jpg,https://www.waitrose.com/ecom/products/the-uncommon-rose-bubbly/872818-697714-697715,The Uncommon Rosé Bubbly,25cl,£5.95,£17.85/75cl,Mix & Match Add 4 for 3 Cheapest Item Free,Dietary & Lifestyle
579308,Atelier Mirabeau Pret-A-Porter Rosé to Go,G,true,3339,https://ecom-su-static-prod.wtrecom.com/images/products/3/LN_579308_BP_3.jpg,https://www.waitrose.com/ecom/products/atelier-mirabeau-pret-a-porter-rose-to-go/579308-694457-694458,Atelier Mirabeau Pret-A-Porter Rosé to Go,25cl,£3.65,£10.95/75cl,Mix & Match Add 4 for 3 Cheapest Item Free,Dietary & Lifestyle
604259,The Uncommon White Bubbly England,G,true,3340,https://ecom-su-static-prod.wtrecom.com/images/products/3/LN_604259_BP_3.jpg,https://www.waitrose.com/ecom/products/the-uncommon-white-bubbly-england/604259-694484-694485,The Uncommon White Bubbly England,25cl,£5.95,£17.85/75cl,Mix & Match Add 4 for 3 Cheapest Item Free,Dietary & Lifestyle
