data-product-id,data-product-name,data-product-type,data-product-on-offer,data-product-index,image-url,product-page,product-name,product-size,item-price,price-per-unit,offer-description,category
935680,Aqua Libra Blood Orange & Mango Sparkling Water,G,false,367,https://ecom-su-static-prod.wtrecom.com/images/products/3/LN_935680_BP_3.jpg,https://www.waitrose.com/ecom/products/aqua-libra-blood-orange-mango-sparkling-water/935680-827539-827540,Aqua Libra Blood Orange & Mango Sparkling Water,4x330ml,£3.50,26.5p/100ml,,New
483415,Persil Wonder Wash Non Bio Speed Clean Liquid 31W,G,false,64,https://ecom-su-static-prod.wtrecom.com/images/products/3/LN_483415_BP_3.jpg,https://www.waitrose.com/ecom/products/persil-wonder-wash-non-bio-speed-clean-liquid-31w/483415-825806-825807,Persil Wonder Wash Non Bio Speed Clean Liquid 31W,837ml,£7.00,£8.37/litre,,New
382813,"Aqua Libra Cucumber, Mint & Lime Sparkling Water",G,false,745,https://ecom-su-static-prod.wtrecom.com/images/products/3/LN_382813_BP_3.jpg,https://www.waitrose.com/ecom/products/aqua-libra-cucumber-mint-lime-sparkling-water/382813-827456-827457,"Aqua Libra Cucumber, Mint & Lime Sparkling Water",4x330ml,£3.50,26.5p/100ml,,New
503159,Waitrose Lulu Guinness Chess Bag,G,false,4,https://ecom-su-static-prod.wtrecom.com/images/products/3/LN_503159_BP_3.jpg,https://www.waitrose.com/ecom/products/waitrose-lulu-guinness-chess-bag/503159-827312-827313,Waitrose Lulu Guinness Chess Bag,1Each,£12.00,£12 each,,New
826646,Waitrose Summer 6 Smokin' Hot Honey Pork Belly Slices,G,true,5,https://ecom-su-static-prod.wtrecom.com/images/products/3/LN_826646_BP_3.jpg,https://www.waitrose.com/ecom/products/waitrose-summer-6-smokin-hot-honey-pork-belly-slices/826646-824456-824457,Waitrose Summer 6 Smokin' Hot Honey Pork Belly Slices,390g,£4.25,£10.90/kg,Add 3 for £12,New
512720,Waitrose Summer 4 Beef Smash Burgers with Bone Marrow,G,true,6,https://ecom-su-static-prod.wtrecom.com/images/products/3/LN_512720_BP_3.jpg,https://www.waitrose.com/ecom/products/waitrose-summer-4-beef-smash-burgers-with-bone-marrow/512720-824444-824445,Waitrose Summer 4 Beef Smash Burgers with Bone Marrow,454g,£4.25,£9.37/kg,Add 3 for £12,New
862388,Waitrose Sour Cream & Chive Dip,G,true,7,https://ecom-su-static-prod.wtrecom.com/images/products/3/LN_862388_BP_3.jpg,https://www.waitrose.com/ecom/products/waitrose-sour-cream-chive-dip/862388-824618-824619,Waitrose Sour Cream & Chive Dip,200g,£1.75,87.5p/100g,Add 2 for £2.50,New
835276,Waitrose Snack Sausage Rolls 12pk,G,true,8,https://ecom-su-static-prod.wtrecom.com/images/products/3/LN_835276_BP_3.jpg,https://www.waitrose.com/ecom/products/waitrose-snack-sausage-rolls-12pk/835276-824606-824607,Waitrose Snack Sausage Rolls 12pk,360g,£3.50,97.2p/100g,Add 2 for £5.50,New
804043,Waitrose Cheddar Courgette & Pea Crustless Quiche,G,true,9,https://ecom-su-static-prod.wtrecom.com/images/products/3/LN_804043_BP_3.jpg,https://www.waitrose.com/ecom/products/waitrose-cheddar-courgette-pea-crustless-quiche/804043-824600-824601,Waitrose Cheddar Courgette & Pea Crustless Quiche,340g,£3.50,£1.03/100g,Add 2 for £5.50,New
881749,Mars Ice Cream,G,false,10,https://ecom-su-static-prod.wtrecom.com/images/products/3/LN_881749_BP_3.jpg,https://www.waitrose.com/ecom/products/mars-ice-cream/881749-824424-824425,Mars Ice Cream,4x40g,£2.90,,,New
859446,Waitrose Pork & Egg Gala Slices,G,true,11,https://ecom-su-static-prod.wtrecom.com/images/products/3/LN_859446_BP_3.jpg,https://www.waitrose.com/ecom/products/waitrose-pork-egg-gala-slices/859446-824616-824617,Waitrose Pork & Egg Gala Slices,250g,£3.50,£1.40/100g,Add 2 for £5.50,New
592293,Waitrose 3 Strawberry Trifles,G,false,12,https://ecom-su-static-prod.wtrecom.com/images/products/3/LN_592293_BP_3.jpg,https://www.waitrose.com/ecom/products/waitrose-3-strawberry-trifles/592293-825113-825114,Waitrose 3 Strawberry Trifles,3x135g,£3.00,74.1p/100g,,New
832301,TruFru Strawberries White & Milk Chocolate,G,false,13,https://ecom-su-static-prod.wtrecom.com/images/products/3/LN_832301_BP_3.jpg,https://www.waitrose.com/ecom/products/trufru-strawberries-white-milk-chocolate/832301-824414-824415,TruFru Strawberries White & Milk Chocolate,227g,£5.00,£22.03/kg,,New
657884,Albert Bartlett Classic Fries,G,false,14,https://ecom-su-static-prod.wtrecom.com/images/products/3/LN_657884_BP_3.jpg,https://www.waitrose.com/ecom/products/albert-bartlett-classic-fries/657884-824381-824382,Albert Bartlett Classic Fries,900g,£3.20,£3.56/kg,,New
891917,Waitrose Cumberland Picnic Eggs,G,true,15,https://ecom-su-static-prod.wtrecom.com/images/products/3/LN_891917_BP_3.jpg,https://www.waitrose.com/ecom/products/waitrose-cumberland-picnic-eggs/891917-824632-824633,Waitrose Cumberland Picnic Eggs,200g,£3.50,£1.75/100g,Add 2 for £5.50,New
599204,Waitrose 6 Large Mixed Rolls,G,false,16,https://ecom-su-static-prod.wtrecom.com/images/products/3/LN_599204_BP_3.jpg,https://www.waitrose.com/ecom/products/waitrose-6-large-mixed-rolls/599204-824246-824246,Waitrose 6 Large Mixed Rolls,6s,£1.75,29.2p each,,New
453153,Waitrose Middle Eastern Chicken Thighs with Amba Sauce,G,true,17,https://ecom-su-static-prod.wtrecom.com/images/products/3/LN_453153_BP_3.jpg,https://www.waitrose.com/ecom/products/waitrose-middle-eastern-chicken-thighs-with-amba-sauce/453153-824438-824439,Waitrose Middle Eastern Chicken Thighs with Amba Sauce,635g,£4.25,£6.70/kg,Add 3 for £12,New
450555,Wildfarmed Seeded Sourdough Bread,G,false,18,https://ecom-su-static-prod.wtrecom.com/images/products/3/LN_450555_BP_3.jpg,https://www.waitrose.com/ecom/products/wildfarmed-seeded-sourdough-bread/450555-825031-825032,Wildfarmed Seeded Sourdough Bread,600g,£4.00,£6.67/kg,,New
696145,Waitrose Sausage rolls 6pk,G,false,19,https://ecom-su-static-prod.wtrecom.com/images/products/3/LN_696145_BP_3.jpg,https://www.waitrose.com/ecom/products/waitrose-sausage-rolls-6pk/696145-824582-824583,Waitrose Sausage rolls 6pk,360g,£2.30,63.9p/100g,,New
770192,Albert Bartlett Deep Crinkle Cut Chips,G,true,20,https://ecom-su-static-prod.wtrecom.com/images/products/3/LN_770192_BP_3.jpg,https://www.waitrose.com/ecom/products/albert-bartlett-deep-crinkle-cut-chips/770192-824399-824400,Albert Bartlett Deep Crinkle Cut Chips,900g,£2.50,£2.78/kg,save 70p. Was £3.20,New
550870,English Cheesecake Billionaire Crackable Cheesecake Pots,G,false,21,https://ecom-su-static-prod.wtrecom.com/images/products/3/LN_550870_BP_3.jpg,https://www.waitrose.com/ecom/products/english-cheesecake-billionaire-crackable-cheesecake-pots/550870-825091-825092,English Cheesecake Billionaire Crackable Cheesecake Pots,2x90g,£3.95,£2.20/100g,,New
778720,Waitrose Creamy Pecorino Dip,G,true,22,https://ecom-su-static-prod.wtrecom.com/images/products/3/LN_778720_BP_3.jpg,https://www.waitrose.com/ecom/products/waitrose-creamy-pecorino-dip/778720-824592-824593,Waitrose Creamy Pecorino Dip,170g,£2.85,£1.68/100g,Add 2 for £5.50,New
409892,TruFru Raspberries White & Dark Chocolate,G,false,23,https://ecom-su-static-prod.wtrecom.com/images/products/3/LN_409892_BP_3.jpg,https://www.waitrose.com/ecom/products/trufru-raspberries-white-dark-chocolate/409892-824333-824334,TruFru Raspberries White & Dark Chocolate,227g,£5.00,£22.03/kg,,New
572562,Jackson's Tiger Bloomer,G,true,24,https://ecom-su-static-prod.wtrecom.com/images/products/3/LN_572562_BP_3.jpg,https://www.waitrose.com/ecom/products/jacksons-tiger-bloomer/572562-825095-825096,Jackson's Tiger Bloomer,800g,£1.56,19.5p/100g,20% Off. Was £1.95,New
661012,"Waitrose Beetroot, Spinach & Mascarpone Quiche",G,true,25,https://ecom-su-static-prod.wtrecom.com/images/products/3/LN_661012_BP_3.jpg,https://www.waitrose.com/ecom/products/waitrose-beetroot-spinach-mascarpone-quiche/661012-824574-824575,"Waitrose Beetroot, Spinach & Mascarpone Quiche",400g,£3.50,87.5p/100g,Add 2 for £5.50,New
464323,Snickers Ice Cream,G,false,26,https://ecom-su-static-prod.wtrecom.com/images/products/3/LN_464323_BP_3.jpg,https://www.waitrose.com/ecom/products/snickers-ice-cream/464323-824345-824346,Snickers Ice Cream,4x45.6g,£2.90,,,New
681600,Waitrose Plum & Hoisin Sauce,G,true,27,https://ecom-su-static-prod.wtrecom.com/images/products/3/LN_681600_BP_3.jpg,https://www.waitrose.com/ecom/products/waitrose-plum-hoisin-sauce/681600-824580-824581,Waitrose Plum & Hoisin Sauce,150g,£1.15,76.7p/100g,"£7 Stir Fry Meal Deal: Add protein, veg, sauce & rice or noodles",New
587391,Waitrose 2 Berry Cheesecake Slices,G,false,28,https://ecom-su-static-prod.wtrecom.com/images/products/3/LN_587391_BP_3.jpg,https://www.waitrose.com/ecom/products/waitrose-2-berry-cheesecake-slices/587391-825107-825108,Waitrose 2 Berry Cheesecake Slices,2x80g,£3.75,£2.35/100g,,New
770229,Waitrose No.1 Free Range 12 Pork Sausages,G,false,29,https://ecom-su-static-prod.wtrecom.com/images/products/3/LN_770229_BP_3.jpg,https://www.waitrose.com/ecom/products/waitrose-no1-free-range-12-pork-sausages/770229-824518-824519,Waitrose No.1 Free Range 12 Pork Sausages,720g,£5.75,£7.99/kg,,New
780547,Waitrose Mac n Cheese Quiche,G,true,30,https://ecom-su-static-prod.wtrecom.com/images/products/3/LN_780547_BP_3.jpg,https://www.waitrose.com/ecom/products/waitrose-mac-n-cheese-quiche/780547-824594-824595,Waitrose Mac n Cheese Quiche,400g,£3.50,87.5p/100g,Add 2 for £5.50,New
505945,Oreo Ice Cream Mini Sandwich,G,true,31,https://ecom-su-static-prod.wtrecom.com/images/products/3/LN_505945_BP_3.jpg,https://www.waitrose.com/ecom/products/oreo-ice-cream-mini-sandwich/505945-824357-824358,Oreo Ice Cream Mini Sandwich,6x55ml,£3.50,£1.07/100ml,Add 2 for £5,New
863611,Waitrose Popcorn Chicken with BBQ Sauce Dip,G,true,32,https://ecom-su-static-prod.wtrecom.com/images/products/3/LN_863611_BP_3.jpg,https://www.waitrose.com/ecom/products/waitrose-popcorn-chicken-with-bbq-sauce-dip/863611-824620-824621,Waitrose Popcorn Chicken with BBQ Sauce Dip,200g,£3.50,£1.75/100g,Add 2 for £5.50,New
470097,Gü Black Forest Cheesecakes,G,false,33,https://ecom-su-static-prod.wtrecom.com/images/products/3/LN_470097_BP_3.jpg,https://www.waitrose.com/ecom/products/gu-black-forest-cheesecakes/470097-825055-825056,Gü Black Forest Cheesecakes,2x88g,£3.95,£2.25/100g,,New
609890,Magnum Almond Ice Cream Sticks,G,false,34,https://ecom-su-static-prod.wtrecom.com/images/products/3/LN_609890_BP_3.jpg,https://www.waitrose.com/ecom/products/magnum-almond-ice-cream-sticks/609890-824373-824374,Magnum Almond Ice Cream Sticks,6x100ml,£6.15,£1.03/100ml,,New
451288,Waitrose British Roast Beef,G,true,35,https://ecom-su-static-prod.wtrecom.com/images/products/3/LN_451288_BP_3.jpg,https://www.waitrose.com/ecom/products/waitrose-british-roast-beef/451288-824544-824545,Waitrose British Roast Beef,125g,£3.25,£2.60/100g,Add 2 for £5.50,New
597800,Waitrose British Lamb Cutlets,G,false,36,https://ecom-su-static-prod.wtrecom.com/images/products/3/LN_597800_BP_3.jpg,https://www.waitrose.com/ecom/products/waitrose-british-lamb-cutlets/597800-824566-824567,Waitrose British Lamb Cutlets,Typical weight 0.38kg,£11.08 each est.,£29/kg,,New
495467,Waitrose Summer 4 New York Style Beef & Pork Hot Dogs,G,true,37,https://ecom-su-static-prod.wtrecom.com/images/products/3/LN_495467_BP_3.jpg,https://www.waitrose.com/ecom/products/waitrose-summer-4-new-york-style-beef-pork-hot-dogs/495467-824440-824441,Waitrose Summer 4 New York Style Beef & Pork Hot Dogs,380g,£3.95,£10.40/kg,Add 2 for £5.75,New
847065,Waitrose Pork & Apple Dinky Pies,G,true,38,https://ecom-su-static-prod.wtrecom.com/images/products/3/LN_847065_BP_3.jpg,https://www.waitrose.com/ecom/products/waitrose-pork-apple-dinky-pies/847065-824608-824609,Waitrose Pork & Apple Dinky Pies,200g,£3.50,£1.75/100g,Add 2 for £5.50,New
836176,English Cheesecake Company Lemon Crackable Cheesecake Pots,G,false,39,https://ecom-su-static-prod.wtrecom.com/images/products/3/LN_836176_BP_3.jpg,https://www.waitrose.com/ecom/products/english-cheesecake-company-lemon-crackable-cheesecake-pots/836176-825275-825276,English Cheesecake Company Lemon Crackable Cheesecake Pots,2x90g,£3.95,£2.20/100g,,New
853585,Waitrose Sausage Rolls 2pk,G,false,40,https://ecom-su-static-prod.wtrecom.com/images/products/3/LN_853585_BP_3.jpg,https://www.waitrose.com/ecom/products/waitrose-sausage-rolls-2pk/853585-824610-824611,Waitrose Sausage Rolls 2pk,120g,£1.00,83.3p/100g,,New
376360,"Merchant Gourmet Brown, Red & Wild Wholegrain Rice",G,true,41,https://ecom-su-static-prod.wtrecom.com/images/products/3/LN_376360_BP_3.jpg,https://www.waitrose.com/ecom/products/merchant-gourmet-brown-red-wild-wholegrain-rice/376360-826722-826723,"Merchant Gourmet Brown, Red & Wild Wholegrain Rice",250g,£1.50,£6/kg,Introductory Offer.Will be £2.00,New
754843,No.1 Cornish Sea Salted Caramel Brittle Ice Cream,G,true,42,https://ecom-su-static-prod.wtrecom.com/images/products/3/LN_754843_BP_3.jpg,https://www.waitrose.com/ecom/products/no1-cornish-sea-salted-caramel-brittle-ice-cream/754843-826534-826535,No.1 Cornish Sea Salted Caramel Brittle Ice Cream,480ml,£3.00,62.5p/100ml,25% Off. Was £4.00,New
990425,Ritz Original Crackers,G,false,43,https://ecom-su-static-prod.wtrecom.com/images/products/3/LN_990425_BP_3.jpg,https://www.waitrose.com/ecom/products/ritz-original-crackers/990425-826922-826923,Ritz Original Crackers,150g,£1.75,£1.17/100g,,New
782864,Waitrose Nduja & Mozarella Calzones,G,true,44,https://ecom-su-static-prod.wtrecom.com/images/products/3/LN_782864_BP_3.jpg,https://www.waitrose.com/ecom/products/waitrose-nduja-mozarella-calzones/782864-824598-824599,Waitrose Nduja & Mozarella Calzones,140g,£3.50,£2.50/100g,Add 2 for £5.50,New
537823,Waitrose Cooked Smokey Chipotle & Lime Chicken Pieces,G,true,45,https://ecom-su-static-prod.wtrecom.com/images/products/3/LN_537823_BP_3.jpg,https://www.waitrose.com/ecom/products/waitrose-cooked-smokey-chipotle-lime-chicken-pieces/537823-824560-824561,Waitrose Cooked Smokey Chipotle & Lime Chicken Pieces,120g,£3.25,£2.71/100g,Add 2 for £5.50,New
853586,Waitrose Classic Dip Selection,G,false,46,https://ecom-su-static-prod.wtrecom.com/images/products/3/LN_853586_BP_3.jpg,https://www.waitrose.com/ecom/products/waitrose-classic-dip-selection/853586-824613-824613,Waitrose Classic Dip Selection,500g,£3.00,60p/100g,,New
751418,Waitrose Cheddar & Hot Honey Pinwheels,G,true,47,https://ecom-su-static-prod.wtrecom.com/images/products/3/LN_751418_BP_3.jpg,https://www.waitrose.com/ecom/products/waitrose-cheddar-hot-honey-pinwheels/751418-824588-824589,Waitrose Cheddar & Hot Honey Pinwheels,96g,£3.50,£3.65/100g,Add 2 for £5.50,New
745363,Waitrose Plant Living Organic Firm Tofu,G,false,48,https://ecom-su-static-prod.wtrecom.com/images/products/3/LN_745363_BP_3.jpg,https://www.waitrose.com/ecom/products/waitrose-plant-living-organic-firm-tofu/745363-825205-825206,Waitrose Plant Living Organic Firm Tofu,300g,£1.95,65p/100g,,New
590462,Magnum Mini Intense Dark Chocolate Ice Cream Sticks,G,false,49,https://ecom-su-static-prod.wtrecom.com/images/products/3/LN_590462_BP_3.jpg,https://www.waitrose.com/ecom/products/magnum-mini-intense-dark-chocolate-ice-cream-sticks/590462-824371-824372,Magnum Mini Intense Dark Chocolate Ice Cream Sticks,6x55ml,£4.75,£1.44/100ml,,New
640652,No.1 Extra Virgin Olive Oil Houmous,G,true,50,https://ecom-su-static-prod.wtrecom.com/images/products/3/LN_640652_BP_3.jpg,https://www.waitrose.com/ecom/products/no1-extra-virgin-olive-oil-houmous/640652-827212-827213,No.1 Extra Virgin Olive Oil Houmous,170g,£2.28,£1.35/100g,Introductory Offer.Will be £2.85,New
517442,Waitrose Cheese & Chive Dip,G,true,51,https://ecom-su-static-prod.wtrecom.com/images/products/3/LN_517442_BP_3.jpg,https://www.waitrose.com/ecom/products/waitrose-cheese-chive-dip/517442-824556-824557,Waitrose Cheese & Chive Dip,200g,£1.75,87.5p/100g,Add 2 for £2.50,New
577155,Cadbury Dairy Milk Buttons Ice Cream Cones,G,true,52,https://ecom-su-static-prod.wtrecom.com/images/products/3/LN_577155_BP_3.jpg,https://www.waitrose.com/ecom/products/cadbury-dairy-milk-buttons-ice-cream-cones/577155-824367-824368,Cadbury Dairy Milk Buttons Ice Cream Cones,4x100ml,£3.15,78.8p/100ml,Add 2 for £5,New
729284,Quorn Picnic Eggs,G,false,53,https://ecom-su-static-prod.wtrecom.com/images/products/3/LN_729284_BP_3.jpg,https://www.waitrose.com/ecom/products/quorn-picnic-eggs/729284-825201-825202,Quorn Picnic Eggs,240g,£2.95,£1.23/100g,,New
798296,Cadbury Crunchie Blast Ice Cream,G,true,54,https://ecom-su-static-prod.wtrecom.com/images/products/3/LN_798296_BP_3.jpg,https://www.waitrose.com/ecom/products/cadbury-crunchie-blast-ice-cream/798296-824408-824409,Cadbury Crunchie Blast Ice Cream,4x90ml,£3.70,£1.03/100ml,Add 2 for £5,New
724908,Wildfarmed White Sourdough Bread,G,false,55,https://ecom-su-static-prod.wtrecom.com/images/products/3/LN_724908_BP_3.jpg,https://www.waitrose.com/ecom/products/wildfarmed-white-sourdough-bread/724908-825199-825200,Wildfarmed White Sourdough Bread,600g,£4.00,£6.67/kg,,New
544127,Hellmann's Plant Based Mayonnaise,G,true,56,https://ecom-su-static-prod.wtrecom.com/images/products/3/LN_544127_BP_3.jpg,https://www.waitrose.com/ecom/products/hellmanns-plant-based-mayonnaise/544127-826744-826745,Hellmann's Plant Based Mayonnaise,400g,£3.00,75p/100g,save 40p. Was £3.40,New
522314,Waitrose Red Leicester Cheese & Sriracha Burger Melts,G,false,57,https://ecom-su-static-prod.wtrecom.com/images/products/3/LN_522314_BP_3.jpg,https://www.waitrose.com/ecom/products/waitrose-red-leicester-cheese-sriracha-burger-melts/522314-824446-824447,Waitrose Red Leicester Cheese & Sriracha Burger Melts,140g,£2.50,£17.86/kg,,New
500757,Nuii Caramelised Salted Almond & New Zealand Honey,G,true,58,https://ecom-su-static-prod.wtrecom.com/images/products/3/LN_500757_BP_3.jpg,https://www.waitrose.com/ecom/products/nuii-caramelised-salted-almond-new-zealand-honey/500757-824353-824354,Nuii Caramelised Salted Almond & New Zealand Honey,3x90ml,£4.20,£1.56/100ml,Add 2 for £5,New
692276,Hackney Gelato Pistachio,G,false,59,https://ecom-su-static-prod.wtrecom.com/images/products/3/LN_692276_BP_3.jpg,https://www.waitrose.com/ecom/products/hackney-gelato-pistachio/692276-824389-824390,Hackney Gelato Pistachio,420ml,£5.50,£1.31/100ml,,New
750319,Waitrose 2 Lemon & Lime Daisy Cheesecakes,G,true,60,https://ecom-su-static-prod.wtrecom.com/images/products/3/LN_750319_BP_3.jpg,https://www.waitrose.com/ecom/products/waitrose-2-lemon-lime-daisy-cheesecakes/750319-825207-825208,Waitrose 2 Lemon & Lime Daisy Cheesecakes,2x76g,£3.00,£1.98/100g,25% Off. Was £4.00,New
503404,Magnum Euphoria Pink Lemonade Ice Cream Sticks,G,true,61,https://ecom-su-static-prod.wtrecom.com/images/products/3/LN_503404_BP_3.jpg,https://www.waitrose.com/ecom/products/magnum-euphoria-pink-lemonade-ice-cream-sticks/503404-824355-824356,Magnum Euphoria Pink Lemonade Ice Cream Sticks,3x90ml,£4.20,£1.56/100ml,Add 2 for £6,New
613293,Waitrose Strawberries & Cream Ice Cream,G,true,62,https://ecom-su-static-prod.wtrecom.com/images/products/3/LN_613293_BP_3.jpg,https://www.waitrose.com/ecom/products/waitrose-strawberries-cream-ice-cream/613293-824375-824376,Waitrose Strawberries & Cream Ice Cream,480ml,£3.40,70.8p/100ml,myWaitrose Save 20% Ice Cream,New
866499,Waitrose Welsh Rarebit Scotch Egg,G,true,63,https://ecom-su-static-prod.wtrecom.com/images/products/3/LN_866499_BP_3.jpg,https://www.waitrose.com/ecom/products/waitrose-welsh-rarebit-scotch-egg/866499-824622-824623,Waitrose Welsh Rarebit Scotch Egg,2x113g,£3.50,,Add 2 for £5.50,New
483415,Persil Wonder Wash Non Bio Speed Clean Liquid 31W,G,false,64,https://ecom-su-static-prod.wtrecom.com/images/products/3/LN_483415_BP_3.jpg,https://www.waitrose.com/ecom/products/persil-wonder-wash-non-bio-speed-clean-liquid-31w/483415-825806-825807,Persil Wonder Wash Non Bio Speed Clean Liquid 31W,837ml,£7.00,£8.37/litre,,New
926531,Dove Deeply Nourishing Advanced Care Body Wash Shower Gel,G,true,65,https://ecom-su-static-prod.wtrecom.com/images/products/3/LN_926531_BP_3.jpg,https://www.waitrose.com/ecom/products/dove-deeply-nourishing-advanced-care-body-wash-shower-gel/926531-825658-825659,Dove Deeply Nourishing Advanced Care Body Wash Shower Gel,400ml,£3.00,75p/100ml,Save 1/3. Was £4.50,New
944452,"Merchant Gourmet Mango, Chilli & Lime Microwave Rice",G,true,66,https://ecom-su-static-prod.wtrecom.com/images/products/3/LN_944452_BP_3.jpg,https://www.waitrose.com/ecom/products/merchant-gourmet-mango-chilli-lime-microwave-rice/944452-826502-826503,"Merchant Gourmet Mango, Chilli & Lime Microwave Rice",250g,£1.50,£6/kg,Introductory Offer.Will be £2.00,New
752595,Deli Kitchen 4 Sliced Foccacia,G,false,67,https://ecom-su-static-prod.wtrecom.com/images/products/3/LN_752595_BP_3.jpg,https://www.waitrose.com/ecom/products/deli-kitchen-4-sliced-foccacia/752595-825211-825212,Deli Kitchen 4 Sliced Foccacia,4s,£1.75,43.8p each,,New
751371,Quorn Cocktail Sausages,G,false,68,https://ecom-su-static-prod.wtrecom.com/images/products/3/LN_751371_BP_3.jpg,https://www.waitrose.com/ecom/products/quorn-cocktail-sausages/751371-825209-825210,Quorn Cocktail Sausages,240g,£2.95,£1.23/100g,,New
879230,Waitrose Mini Sausage Rolls 15pk,G,false,69,https://ecom-su-static-prod.wtrecom.com/images/products/3/LN_879230_BP_3.jpg,https://www.waitrose.com/ecom/products/waitrose-mini-sausage-rolls-15pk/879230-824626-824627,Waitrose Mini Sausage Rolls 15pk,225g,£2.30,£1.03/100g,,New
934741,Dove Hydrate Body Wash Shower Gel,G,true,70,https://ecom-su-static-prod.wtrecom.com/images/products/3/LN_934741_BP_3.jpg,https://www.waitrose.com/ecom/products/dove-hydrate-body-wash-shower-gel/934741-825682-825683,Dove Hydrate Body Wash Shower Gel,450ml,£2.50,55.6p/100ml,save 50p. Was £3.00,New
649227,Heinz Seriously Good Mayonnaise,G,true,71,https://ecom-su-static-prod.wtrecom.com/images/products/3/LN_649227_BP_3.jpg,https://www.waitrose.com/ecom/products/heinz-seriously-good-mayonnaise/649227-826754-826755,Heinz Seriously Good Mayonnaise,540g,£2.50,46.3p/100g,save 50p. Was £3.00,New
625998,Magnum Mini Euphoria Pink Lemonade Ice Cream Sticks,G,false,72,https://ecom-su-static-prod.wtrecom.com/images/products/3/LN_625998_BP_3.jpg,https://www.waitrose.com/ecom/products/magnum-mini-euphoria-pink-lemonade-ice-cream-sticks/625998-824377-824378,Magnum Mini Euphoria Pink Lemonade Ice Cream Sticks,6x55ml,£4.75,£1.44/100ml,,New
844113,"No.1 Extra Mature Cheddar, Wild Garlic & Tomato Quiche",G,true,73,https://ecom-su-static-prod.wtrecom.com/images/products/3/LN_844113_BP_3.jpg,https://www.waitrose.com/ecom/products/no1-extra-mature-cheddar-wild-garlic-tomato-quiche/844113-827234-827235,"No.1 Extra Mature Cheddar, Wild Garlic & Tomato Quiche",2x145g,£4.00,,Introductory Offer.Will be £5.00,New
493945,Waitrose Tiramisu Ice Cream,G,false,74,https://ecom-su-static-prod.wtrecom.com/images/products/3/LN_493945_BP_3.jpg,https://www.waitrose.com/ecom/products/waitrose-tiramisu-ice-cream/493945-824351-824352,Waitrose Tiramisu Ice Cream,480ml,£3.40,70.8p/100ml,,New
705441,essential Waitrose Non Bio Capsules 30w,G,false,75,https://ecom-su-static-prod.wtrecom.com/images/products/3/LN_705441_BP_3.jpg,https://www.waitrose.com/ecom/products/essential-waitrose-non-bio-capsules-30w/705441-825866-825867,essential Waitrose Non Bio Capsules 30w,559.6g,£5.00,£8.94/kg,,New
575462,"Ottolenghi Pomegranate, Rose and Lemon Harissa Paste",G,false,76,https://ecom-su-static-prod.wtrecom.com/images/products/3/LN_575462_BP_3.jpg,https://www.waitrose.com/ecom/products/ottolenghi-pomegranate-rose-and-lemon-harissa-paste/575462-824802-824803,"Ottolenghi Pomegranate, Rose and Lemon Harissa Paste",170g,£5.00,£2.95/100g,,New
441406,Oatly! Barista Organic Oat Drink,G,false,77,https://ecom-su-static-prod.wtrecom.com/images/products/3/LN_441406_BP_3.jpg,https://www.waitrose.com/ecom/products/oatly-barista-organic-oat-drink/441406-826854-826855,Oatly! Barista Organic Oat Drink,1litre,£2.30,£2.30/litre,,New
612868,Persil Non Bio Sensitive Skin Washing Capsules 26W,G,false,78,https://ecom-su-static-prod.wtrecom.com/images/products/3/LN_612868_BP_3.jpg,https://www.waitrose.com/ecom/products/persil-non-bio-sensitive-skin-washing-capsules-26w/612868-825840-825841,Persil Non Bio Sensitive Skin Washing Capsules 26W,26Each,£7.00,26.9p each,,New
622949,Waitrose Lemon Dishwashing Tablets 44s,G,false,79,https://ecom-su-static-prod.wtrecom.com/images/products/3/LN_622949_BP_3.jpg,https://www.waitrose.com/ecom/products/waitrose-lemon-dishwashing-tablets-44s/622949-825842-825843,Waitrose Lemon Dishwashing Tablets 44s,44Each,£4.50,10.2p each,,New
682577,Jude's Ice Cream For Dogs,G,false,80,https://ecom-su-static-prod.wtrecom.com/images/products/3/LN_682577_BP_3.jpg,https://www.waitrose.com/ecom/products/judes-ice-cream-for-dogs/682577-824387-824388,Jude's Ice Cream For Dogs,4x90ml,£5.00,£1.39/100ml,,New
767314,Duchy Organic Houmous,G,false,81,https://ecom-su-static-prod.wtrecom.com/images/products/3/LN_767314_BP_3.jpg,https://www.waitrose.com/ecom/products/duchy-organic-houmous/767314-824590-824591,Duchy Organic Houmous,300g,£3.00,£1/100g,,New
561370,Waitrose Frankfurters 10 Pack,G,false,82,https://ecom-su-static-prod.wtrecom.com/images/products/3/LN_561370_BP_3.jpg,https://www.waitrose.com/ecom/products/waitrose-frankfurters-10-pack/561370-827200-827201,Waitrose Frankfurters 10 Pack,350g,£3.20,£9.15/kg,,New
741387,Essential Roasted Vegetable Pizza,G,false,83,https://ecom-su-static-prod.wtrecom.com/images/products/3/LN_741387_BP_3.jpg,https://www.waitrose.com/ecom/products/essential-roasted-vegetable-pizza/741387-824395-824396,Essential Roasted Vegetable Pizza,280g,£1.40,£5/kg,,New
685255,"No.1 Soignon Goat's Cheese, Fig & Caramelised Shallot Quiche",G,true,84,https://ecom-su-static-prod.wtrecom.com/images/products/3/LN_685255_BP_3.jpg,https://www.waitrose.com/ecom/products/no1-soignon-goats-cheese-fig-caramelised-shallot-quiche/685255-827216-827217,"No.1 Soignon Goat's Cheese, Fig & Caramelised Shallot Quiche",2x144g,£4.00,,Introductory Offer.Will be £5.00,New
824148,Jude's Cherries & Cream Ice Cream,G,false,85,https://ecom-su-static-prod.wtrecom.com/images/products/3/LN_824148_BP_3.jpg,https://www.waitrose.com/ecom/products/judes-cherries-cream-ice-cream/824148-824412-824413,Jude's Cherries & Cream Ice Cream,460ml,£5.00,£1.09/100ml,,New
999167,Merchant Gourmet Coconut & Lime Leaf Wholegrain Rice,G,true,86,https://ecom-su-static-prod.wtrecom.com/images/products/3/LN_999167_BP_3.jpg,https://www.waitrose.com/ecom/products/merchant-gourmet-coconut-lime-leaf-wholegrain-rice/999167-826842-826843,Merchant Gourmet Coconut & Lime Leaf Wholegrain Rice,250g,£1.50,£6/kg,Introductory Offer.Will be £2.00,New
491960,Magnum Chill Blueberry Cookie Vegan Ice Cream Sticks,G,true,87,https://ecom-su-static-prod.wtrecom.com/images/products/3/LN_491960_BP_3.jpg,https://www.waitrose.com/ecom/products/magnum-chill-blueberry-cookie-vegan-ice-cream-sticks/491960-824349-824350,Magnum Chill Blueberry Cookie Vegan Ice Cream Sticks,3x90ml,£4.20,£1.56/100ml,Add 2 for £6,New
925003,Oato Barista Fresh Whole Oat Drink,G,false,88,https://ecom-su-static-prod.wtrecom.com/images/products/3/LN_925003_BP_3.jpg,https://www.waitrose.com/ecom/products/oato-barista-fresh-whole-oat-drink/925003-826880-826881,Oato Barista Fresh Whole Oat Drink,1litre,£1.75,£1.75/litre,,New
539690,Waitrose Smoky Tomato & Roasted Red Pepper Dip,G,true,89,https://ecom-su-static-prod.wtrecom.com/images/products/3/LN_539690_BP_3.jpg,https://www.waitrose.com/ecom/products/waitrose-smoky-tomato-roasted-red-pepper-dip/539690-824562-824563,Waitrose Smoky Tomato & Roasted Red Pepper Dip,180g,£2.85,£1.59/100g,Add 2 for £5.50,New
435050,Rowntree's Fruit Stack Ice Lollies,G,true,90,https://ecom-su-static-prod.wtrecom.com/images/products/3/LN_435050_BP_3.jpg,https://www.waitrose.com/ecom/products/rowntrees-fruit-stack-ice-lollies/435050-824337-824338,Rowntree's Fruit Stack Ice Lollies,4x70ml,£2.65,94.6p/100ml,Add 2 for £4,New
841316,Robinsons Double Concentrate Orange & Pineapple Squash,G,true,91,https://ecom-su-static-prod.wtrecom.com/images/products/3/LN_841316_BP_3.jpg,https://www.waitrose.com/ecom/products/robinsons-double-concentrate-orange-pineapple-squash/841316-824926-824927,Robinsons Double Concentrate Orange & Pineapple Squash,750ml,£1.25,16.7p/100ml,save 75p. Was £2.00,New
527068,Guuud Greek Style Yoghurt Ice Cream Passion Fruit,G,false,92,https://ecom-su-static-prod.wtrecom.com/images/products/3/LN_527068_BP_3.jpg,https://www.waitrose.com/ecom/products/guuud-greek-style-yoghurt-ice-cream-passion-fruit/527068-824361-824362,Guuud Greek Style Yoghurt Ice Cream Passion Fruit,210ml,£3.00,£1.43/100ml,,New
894402,Waitrose Onion & Garlic Dip,G,true,93,https://ecom-su-static-prod.wtrecom.com/images/products/3/LN_894402_BP_3.jpg,https://www.waitrose.com/ecom/products/waitrose-onion-garlic-dip/894402-824634-824635,Waitrose Onion & Garlic Dip,200g,£1.75,87.5p/100g,Add 2 for £2.50,New
726104,Waitrose All Butter Cinnamon Knots,G,false,94,https://ecom-su-static-prod.wtrecom.com/images/products/3/LN_726104_BP_3.jpg,https://www.waitrose.com/ecom/products/waitrose-all-butter-cinnamon-knots/726104-826764-826765,Waitrose All Butter Cinnamon Knots,150g,£2.00,£1.34/100g,,New
859554,Fairy Fabric Conditioner Silk Tree Blossom & Jasmine,G,false,95,https://ecom-su-static-prod.wtrecom.com/images/products/3/LN_859554_BP_3.jpg,https://www.waitrose.com/ecom/products/fairy-fabric-conditioner-silk-tree-blossom-jasmine/859554-825295-825296,Fairy Fabric Conditioner Silk Tree Blossom & Jasmine,1650ml,£5.00,£3.04/litre,,New
585763,Ferrero Rocher Classic Ice Cream,G,false,96,https://ecom-su-static-prod.wtrecom.com/images/products/3/LN_585763_BP_3.jpg,https://www.waitrose.com/ecom/products/ferrero-rocher-classic-ice-cream/585763-824369-824370,Ferrero Rocher Classic Ice Cream,4x70ml,£4.75,£1.70/100ml,,New
461856,Waitrose British Rack of Lamb,G,false,97,https://ecom-su-static-prod.wtrecom.com/images/products/3/LN_461856_BP_3.jpg,https://www.waitrose.com/ecom/products/waitrose-british-rack-of-lamb/461856-824548-824549,Waitrose British Rack of Lamb,Typical weight 0.5kg,£19.00 each est.,£38/kg,,New
716742,Ottolenghi Shawarma Marinade,G,false,98,https://ecom-su-static-prod.wtrecom.com/images/products/3/LN_716742_BP_3.jpg,https://www.waitrose.com/ecom/products/ottolenghi-shawarma-marinade/716742-824857-824858,Ottolenghi Shawarma Marinade,180g,£4.00,£2.23/100g,,New
765651,Haribo Supermix Sweets Bag,G,true,99,https://ecom-su-static-prod.wtrecom.com/images/products/3/LN_765651_BP_3.jpg,https://www.waitrose.com/ecom/products/haribo-supermix-sweets-bag/765651-825884-825885,Haribo Supermix Sweets Bag,175g,£1.25,71.4p/100g,save 25p. Was £1.50,New
401061,Magnum Mini Classic Almond White,G,false,100,https://ecom-su-static-prod.wtrecom.com/images/products/3/LN_401061_BP_3.jpg,https://www.waitrose.com/ecom/products/magnum-mini-classic-almond-white/401061-824332-824332,Magnum Mini Classic Almond White,10x55ml,£6.50,£1.19/100ml,,New
674980,Stokes Tartare Sauce,G,false,101,https://ecom-su-static-prod.wtrecom.com/images/products/3/LN_674980_BP_3.jpg,https://www.waitrose.com/ecom/products/stokes-tartare-sauce/674980-826756-826757,Stokes Tartare Sauce,200g,£3.20,£1.60/100g,,New
507964,Bottlegreen Rose & Elderflower Cordial,G,true,102,https://ecom-su-static-prod.wtrecom.com/images/products/3/LN_507964_BP_3.jpg,https://www.waitrose.com/ecom/products/bottlegreen-rose-elderflower-cordial/507964-824774-824775,Bottlegreen Rose & Elderflower Cordial,500ml,£4.45,89p/100ml,Exclusive to Waitrose. Was £4.45,New
859270,Rowse Authentic Manuka New Zealand Honey 100+ MGO,G,false,103,https://ecom-su-static-prod.wtrecom.com/images/products/3/LN_859270_BP_3.jpg,https://www.waitrose.com/ecom/products/rowse-authentic-manuka-new-zealand-honey-100-mgo/859270-825932-825933,Rowse Authentic Manuka New Zealand Honey 100+ MGO,240g,£9.50,£3.96/100g,,New
660094,Twister Berry-licious Fruit Ice Lollies,G,true,104,https://ecom-su-static-prod.wtrecom.com/images/products/3/LN_660094_BP_3.jpg,https://www.waitrose.com/ecom/products/twister-berry-licious-fruit-ice-lollies/660094-824383-824384,Twister Berry-licious Fruit Ice Lollies,4x70ml,£2.75,98.2p/100ml,Add 2 for £4,New
773405,Waitrose Summer Piña Colada Mocktail,G,true,105,https://ecom-su-static-prod.wtrecom.com/images/products/3/LN_773405_BP_3.jpg,https://www.waitrose.com/ecom/products/waitrose-summer-pina-colada-mocktail/773405-825231-825232,Waitrose Summer Piña Colada Mocktail,750ml,£1.72,22.9p/100ml,25% Off. Was £2.30,New
976434,Dove Silky Velvet Body Wash Shower Gel,G,true,106,https://ecom-su-static-prod.wtrecom.com/images/products/3/LN_976434_BP_3.jpg,https://www.waitrose.com/ecom/products/dove-silky-velvet-body-wash-shower-gel/976434-825750-825751,Dove Silky Velvet Body Wash Shower Gel,450ml,£2.50,55.6p/100ml,save 50p. Was £3.00,New
561015,Waitrose Lemon Drizzle Cake Ice Cream,G,false,107,https://ecom-su-static-prod.wtrecom.com/images/products/3/LN_561015_BP_3.jpg,https://www.waitrose.com/ecom/products/waitrose-lemon-drizzle-cake-ice-cream/561015-824365-824366,Waitrose Lemon Drizzle Cake Ice Cream,480ml,£3.40,70.8p/100ml,,New
734144,SHEBA Fresh & Fine Cat Pouches Chicken & Turkey in Gravy,G,false,108,https://ecom-su-static-prod.wtrecom.com/images/products/3/LN_734144_BP_3.jpg,https://www.waitrose.com/ecom/products/sheba-fresh-fine-cat-pouches-chicken-turkey-in-gravy/734144-824863-824863,SHEBA Fresh & Fine Cat Pouches Chicken & Turkey in Gravy,6x50g,£2.35,£7.84/kg,,New
836980,Tom Parker Chocolate Milk,G,false,109,https://ecom-su-static-prod.wtrecom.com/images/products/3/LN_836980_BP_3.jpg,https://www.waitrose.com/ecom/products/tom-parker-chocolate-milk/836980-826538-826539,Tom Parker Chocolate Milk,500ml,£2.40,£4.80/litre,,New
832093,No.1 Watercress Tzatziki,G,true,110,https://ecom-su-static-prod.wtrecom.com/images/products/3/LN_832093_BP_3.jpg,https://www.waitrose.com/ecom/products/no1-watercress-tzatziki/832093-827230-827231,No.1 Watercress Tzatziki,170g,£2.28,£1.35/100g,Introductory Offer.Will be £2.85,New
929235,Theakston's Hairy Bikers Triple Hop Best Bitter,G,false,111,https://ecom-su-static-prod.wtrecom.com/images/products/3/LN_929235_BP_3.jpg,https://www.waitrose.com/ecom/products/theakstons-hairy-bikers-triple-hop-best-bitter/929235-826260-826261,Theakston's Hairy Bikers Triple Hop Best Bitter,500ml,£2.20,£4.40/litre,,New
496443,No.1 Truffle Houmous,G,true,112,https://ecom-su-static-prod.wtrecom.com/images/products/3/LN_496443_BP_3.jpg,https://www.waitrose.com/ecom/products/no1-truffle-houmous/496443-827192-827193,No.1 Truffle Houmous,170g,£2.28,£1.35/100g,Introductory Offer.Will be £2.85,New
981948,Lurpak Butter with Garlic,G,false,113,https://ecom-su-static-prod.wtrecom.com/images/products/3/LN_981948_BP_3.jpg,https://www.waitrose.com/ecom/products/lurpak-butter-with-garlic/981948-826552-826553,Lurpak Butter with Garlic,125g,£2.25,£18/kg,,New
853162,Ottolenghi Miso Pesto,G,false,114,https://ecom-su-static-prod.wtrecom.com/images/products/3/LN_853162_BP_3.jpg,https://www.waitrose.com/ecom/products/ottolenghi-miso-pesto/853162-824936-824937,Ottolenghi Miso Pesto,170g,£4.00,£2.36/100g,,New
890538,Waitrose Essential 15m Baking & Greaseproof Paper,G,false,115,https://ecom-su-static-prod.wtrecom.com/images/products/3/LN_890538_BP_3.jpg,https://www.waitrose.com/ecom/products/waitrose-essential-15m-baking-greaseproof-paper/890538-827491-827492,Waitrose Essential 15m Baking & Greaseproof Paper,each,£2.40,£2.40 each,,New
505390,Waitrose Summer 2 American Style Pork Melt Burgers,G,true,116,https://ecom-su-static-prod.wtrecom.com/images/products/3/LN_505390_BP_3.jpg,https://www.waitrose.com/ecom/products/waitrose-summer-2-american-style-pork-melt-burgers/505390-824442-824443,Waitrose Summer 2 American Style Pork Melt Burgers,300g,£4.25,£14.17/kg,Add 3 for £12,New
465070,Hovis Seed Sensations Malted Wholegrain Loaf,G,false,117,https://ecom-su-static-prod.wtrecom.com/images/products/3/LN_465070_BP_3.jpg,https://www.waitrose.com/ecom/products/hovis-seed-sensations-malted-wholegrain-loaf/465070-825051-825052,Hovis Seed Sensations Malted Wholegrain Loaf,800g,£1.90,£2.38/kg,,New
638229,Higgidy Vegan Tomato & Broccoli Quiche,G,false,118,https://ecom-su-static-prod.wtrecom.com/images/products/3/LN_638229_BP_3.jpg,https://www.waitrose.com/ecom/products/higgidy-vegan-tomato-broccoli-quiche/638229-825155-825156,Higgidy Vegan Tomato & Broccoli Quiche,380g,£4.59,£1.21/100g,,New
591774,The Tofoo Co. Original Seitan,G,false,119,https://ecom-su-static-prod.wtrecom.com/images/products/3/LN_591774_BP_3.jpg,https://www.waitrose.com/ecom/products/the-tofoo-co-original-seitan/591774-825109-825110,The Tofoo Co. Original Seitan,225g,£2.50,£1.12/100g,,New
743917,Cadbury Dairy Milk Mega Buttons,G,true,120,https://ecom-su-static-prod.wtrecom.com/images/products/3/LN_743917_BP_3.jpg,https://www.waitrose.com/ecom/products/cadbury-dairy-milk-mega-buttons/743917-825878-825879,Cadbury Dairy Milk Mega Buttons,192g,£2.50,£1.31/100g,save 25p. Was £2.75,New
799919,Ottolenghi Kalamata Olive and Harissa Sauce,G,false,121,https://ecom-su-static-prod.wtrecom.com/images/products/3/LN_799919_BP_3.jpg,https://www.waitrose.com/ecom/products/ottolenghi-kalamata-olive-and-harissa-sauce/799919-824892-824893,Ottolenghi Kalamata Olive and Harissa Sauce,350g,£4.50,£1.29/100g,,New
800393,INEOS 2in1 Washing Up Liquid Sea Minerals + Wild Jasmine,G,true,122,https://ecom-su-static-prod.wtrecom.com/images/products/3/LN_800393_BP_3.jpg,https://www.waitrose.com/ecom/products/ineos-2in1-washing-up-liquid-sea-minerals-wild-jasmine/800393-825894-825895,INEOS 2in1 Washing Up Liquid Sea Minerals + Wild Jasmine,500ml,£1.50,£3/litre,Half Price. Was £3.00,New
751769,No.1 British Free Range Orange Marmalade Roast Ham,G,true,123,https://ecom-su-static-prod.wtrecom.com/images/products/3/LN_751769_BP_3.jpg,https://www.waitrose.com/ecom/products/no1-british-free-range-orange-marmalade-roast-ham/751769-827224-827225,No.1 British Free Range Orange Marmalade Roast Ham,100g,£3.20,£3.20/100g,Introductory Offer.Will be £4.00,New
387663,Grind Iced Vanilla Oat Latte Coffee,G,false,124,https://ecom-su-static-prod.wtrecom.com/images/products/3/LN_387663_BP_3.jpg,https://www.waitrose.com/ecom/products/grind-iced-vanilla-oat-latte-coffee/387663-826848-826849,Grind Iced Vanilla Oat Latte Coffee,250ml,£2.00,80p/100ml,,New
765703,Bonne Maman Lemon Crème dessert,G,false,125,https://ecom-su-static-prod.wtrecom.com/images/products/3/LN_765703_BP_3.jpg,https://www.waitrose.com/ecom/products/bonne-maman-lemon-creme-dessert/765703-825221-825222,Bonne Maman Lemon Crème dessert,180g,£2.30,£1.28/100g,,New
820901,Remeo Malfy Gin Spritz Lollies,G,false,126,https://ecom-su-static-prod.wtrecom.com/images/products/3/LN_820901_BP_3.jpg,https://www.waitrose.com/ecom/products/remeo-malfy-gin-spritz-lollies/820901-824410-824411,Remeo Malfy Gin Spritz Lollies,210ml,£5.00,,,New
808089,Cadbury Dairy Milk & More Nutty Praline Crisp Bar,G,true,127,https://ecom-su-static-prod.wtrecom.com/images/products/3/LN_808089_BP_3.jpg,https://www.waitrose.com/ecom/products/cadbury-dairy-milk-more-nutty-praline-crisp-bar/808089-825442-825443,Cadbury Dairy Milk & More Nutty Praline Crisp Bar,180g,£2.25,£1.25/100g,save 50p. Was £2.75,New
405808,SHEBA Fresh & Fine Cat Pouches with Tuna & Cod in Gravy,G,false,128,https://ecom-su-static-prod.wtrecom.com/images/products/3/LN_405808_BP_3.jpg,https://www.waitrose.com/ecom/products/sheba-fresh-fine-cat-pouches-with-tuna-cod-in-gravy/405808-824728-824728,SHEBA Fresh & Fine Cat Pouches with Tuna & Cod in Gravy,6x50g,£2.35,£7.84/kg,,New
665853,Waitrose Tex Mex Creamed Corn Dip,G,true,129,https://ecom-su-static-prod.wtrecom.com/images/products/3/LN_665853_BP_3.jpg,https://www.waitrose.com/ecom/products/waitrose-tex-mex-creamed-corn-dip/665853-824576-824577,Waitrose Tex Mex Creamed Corn Dip,170g,£1.75,£1.03/100g,Add 2 for £2.50,New
638801,Waitrose Brunswick Ham,G,false,130,https://ecom-su-static-prod.wtrecom.com/images/products/3/LN_638801_BP_3.jpg,https://www.waitrose.com/ecom/products/waitrose-brunswick-ham/638801-827210-827211,Waitrose Brunswick Ham,110g,£3.60,£3.28/100g,,New
895264,essential Waitrose Bio Capsules 30w,G,false,131,https://ecom-su-static-prod.wtrecom.com/images/products/3/LN_895264_BP_3.jpg,https://www.waitrose.com/ecom/products/essential-waitrose-bio-capsules-30w/895264-825942-825943,essential Waitrose Bio Capsules 30w,556.9g,£5.00,£8.98/kg,,New
431505,Cadbury Flake 99 Ice Cream Tub,G,true,132,https://ecom-su-static-prod.wtrecom.com/images/products/3/LN_431505_BP_3.jpg,https://www.waitrose.com/ecom/products/cadbury-flake-99-ice-cream-tub/431505-824335-824336,Cadbury Flake 99 Ice Cream Tub,480ml,£3.65,76p/100ml,Add 2 for £5,New
729388,Fairy Original Washing Up Liquid Lemon,G,false,133,https://ecom-su-static-prod.wtrecom.com/images/products/3/LN_729388_BP_3.jpg,https://www.waitrose.com/ecom/products/fairy-original-washing-up-liquid-lemon/729388-825874-825875,Fairy Original Washing Up Liquid Lemon,654ml,£2.25,,,New
852729,Waitrose Double Fan Wafer 12s,G,false,134,https://ecom-su-static-prod.wtrecom.com/images/products/3/LN_852729_BP_3.jpg,https://www.waitrose.com/ecom/products/waitrose-double-fan-wafer-12s/852729-824207-824208,Waitrose Double Fan Wafer 12s,12Each,£1.80,,,New
975342,Dove Nourishing Silk Advanced Care Body Wash Shower Gel,G,true,135,https://ecom-su-static-prod.wtrecom.com/images/products/3/LN_975342_BP_3.jpg,https://www.waitrose.com/ecom/products/dove-nourishing-silk-advanced-care-body-wash-shower-gel/975342-825746-825747,Dove Nourishing Silk Advanced Care Body Wash Shower Gel,400ml,£3.00,75p/100ml,Save 1/3. Was £4.50,New
655329,Cornetto Soft Stracciatella & Caramel Ice Cream Cones,G,false,136,https://ecom-su-static-prod.wtrecom.com/images/products/3/LN_655329_BP_3.jpg,https://www.waitrose.com/ecom/products/cornetto-soft-stracciatella-caramel-ice-cream-cones/655329-824379-824380,Cornetto Soft Stracciatella & Caramel Ice Cream Cones,4x140ml,£4.00,71.4p/100ml,,New
526429,INEOS 2in1 Washing Up Liquid Pink Grapefruit + Tangelo,G,true,137,https://ecom-su-static-prod.wtrecom.com/images/products/3/LN_526429_BP_3.jpg,https://www.waitrose.com/ecom/products/ineos-2in1-washing-up-liquid-pink-grapefruit-tangelo/526429-825822-825823,INEOS 2in1 Washing Up Liquid Pink Grapefruit + Tangelo,500ml,£1.50,£3/litre,Half Price. Was £3.00,New
831595,Heinz Seriously Good Light Mayonnaise,G,false,138,https://ecom-su-static-prod.wtrecom.com/images/products/3/LN_831595_BP_3.jpg,https://www.waitrose.com/ecom/products/heinz-seriously-good-light-mayonnaise/831595-826774-826775,Heinz Seriously Good Light Mayonnaise,815g,£3.50,42.9p/100g,,New
695269,Häagen-Dazs Dulce De Leche Ice Cream,G,false,139,https://ecom-su-static-prod.wtrecom.com/images/products/3/LN_695269_BP_3.jpg,https://www.waitrose.com/ecom/products/haagen-dazs-dulce-de-leche-ice-cream/695269-824393-824394,Häagen-Dazs Dulce De Leche Ice Cream,460ml,£5.60,£1.22/100ml,,New
618505,Kendamil Follow On Milk Ready to Feed,G,false,140,https://ecom-su-static-prod.wtrecom.com/images/products/3/LN_618505_BP_3.jpg,https://www.waitrose.com/ecom/products/kendamil-follow-on-milk-ready-to-feed/618505-826132-826133,Kendamil Follow On Milk Ready to Feed,250ml,£1.35,54p/100ml,,New
446355,Häagen-Dazs Mango & Raspberry Ice Cream,G,false,141,https://ecom-su-static-prod.wtrecom.com/images/products/3/LN_446355_BP_3.jpg,https://www.waitrose.com/ecom/products/haagen-dazs-mango-raspberry-ice-cream/446355-824343-824344,Häagen-Dazs Mango & Raspberry Ice Cream,460ml,£5.60,£1.22/100ml,,New
848852,Alpro High Protein Soya Chocolate Long Life Dairy Free Milk Alternative,G,false,142,https://ecom-su-static-prod.wtrecom.com/images/products/3/LN_848852_BP_3.jpg,https://www.waitrose.com/ecom/products/alpro-high-protein-soya-chocolate-long-life-dairy-free-milk-alternative/848852-826876-826877,Alpro High Protein Soya Chocolate Long Life Dairy Free Milk Alternative,1litre,£2.40,£2.40/litre,,New
509128,Waitrose Cheese and Onion rolls 6pk,G,false,143,https://ecom-su-static-prod.wtrecom.com/images/products/3/LN_509128_BP_3.jpg,https://www.waitrose.com/ecom/products/waitrose-cheese-and-onion-rolls-6pk/509128-824554-824555,Waitrose Cheese and Onion rolls 6pk,150g,£1.75,£1.17/100g,,New
474016,Nestle KitKat 4 Bars,G,true,144,https://ecom-su-static-prod.wtrecom.com/images/products/3/LN_474016_BP_3.jpg,https://www.waitrose.com/ecom/products/nestle-kitkat-4-bars/474016-825802-825803,Nestle KitKat 4 Bars,4x41.5g,£1.60,96.4p/100g,save 40p. Was £2.00,New
916593,Deliciously Ella Lemon & Poppy Seed Oat Bars,G,false,145,https://ecom-su-static-prod.wtrecom.com/images/products/3/LN_916593_BP_3.jpg,https://www.waitrose.com/ecom/products/deliciously-ella-lemon-poppy-seed-oat-bars/916593-826798-826799,Deliciously Ella Lemon & Poppy Seed Oat Bars,3x50g,£2.80,£1.87/100g,,New
547552,Waitrose Wafer Thin Brunswick Ham,G,false,146,https://ecom-su-static-prod.wtrecom.com/images/products/3/LN_547552_BP_3.jpg,https://www.waitrose.com/ecom/products/waitrose-wafer-thin-brunswick-ham/547552-827198-827199,Waitrose Wafer Thin Brunswick Ham,110g,£3.50,£3.19/100g,,New
370211,Unearthed Rosemary & Black Pepper Olives,G,true,147,https://ecom-su-static-prod.wtrecom.com/images/products/3/LN_370211_BP_3.jpg,https://www.waitrose.com/ecom/products/unearthed-rosemary-black-pepper-olives/370211-827184-827185,Unearthed Rosemary & Black Pepper Olives,150g,£2.73,£1.82/100g,Introductory Offer.Will be £3.65,New
848011,Califia Farms Organic Almond Milk Alternative,G,false,148,https://ecom-su-static-prod.wtrecom.com/images/products/3/LN_848011_BP_3.jpg,https://www.waitrose.com/ecom/products/califia-farms-organic-almond-milk-alternative/848011-826874-826875,Califia Farms Organic Almond Milk Alternative,750ml,£2.50,£3.34/litre,,New
467503,Organix Gruffalo Cocoa & Vanilla Biscuits,G,true,149,https://ecom-su-static-prod.wtrecom.com/images/products/3/LN_467503_BP_3.jpg,https://www.waitrose.com/ecom/products/organix-gruffalo-cocoa-vanilla-biscuits/467503-826100-826101,Organix Gruffalo Cocoa & Vanilla Biscuits,5x20g,£2.80,£2.80/100g,Add 2 for £5,New
933369,Original Source Mint & Tea Tree Shower Gel,G,true,150,https://ecom-su-static-prod.wtrecom.com/images/products/3/LN_933369_BP_3.jpg,https://www.waitrose.com/ecom/products/original-source-mint-tea-tree-shower-gel/933369-825676-825677,Original Source Mint & Tea Tree Shower Gel,250ml,£1.00,40p/100ml,Save 1/3. Was £1.50,New
953053,Bonne Maman 7 Chocolate Cakes,G,false,151,https://ecom-su-static-prod.wtrecom.com/images/products/3/LN_953053_BP_3.jpg,https://www.waitrose.com/ecom/products/bonne-maman-7-chocolate-cakes/953053-826884-826885,Bonne Maman 7 Chocolate Cakes,7x30g,£3.00,£1.43/100g,,New
859483,Ben & Jerry's Sundae Marshmallow & S'more! Ice Cream Tub,G,false,152,https://ecom-su-static-prod.wtrecom.com/images/products/3/LN_859483_BP_3.jpg,https://www.waitrose.com/ecom/products/ben-jerrys-sundae-marshmallow-smore-ice-cream-tub/859483-824418-824419,Ben & Jerry's Sundae Marshmallow & S'more! Ice Cream Tub,427ml,£5.80,£1.36/100ml,,New
977876,Bertolli spread with Olive Oil,G,false,153,https://ecom-su-static-prod.wtrecom.com/images/products/3/LN_977876_BP_3.jpg,https://www.waitrose.com/ecom/products/bertolli-spread-with-olive-oil/977876-826548-826549,Bertolli spread with Olive Oil,1kg,£5.00,£5/kg,,New
985446,Original Source Coconut & Shea Shower Gel,G,true,154,https://ecom-su-static-prod.wtrecom.com/images/products/3/LN_985446_BP_3.jpg,https://www.waitrose.com/ecom/products/original-source-coconut-shea-shower-gel/985446-825768-825769,Original Source Coconut & Shea Shower Gel,250ml,£1.00,40p/100ml,Save 1/3. Was £1.50,New
970294,INEOS Moisturising Hand Wash White Rose + Neroli,G,true,155,https://ecom-su-static-prod.wtrecom.com/images/products/3/LN_970294_BP_3.jpg,https://www.waitrose.com/ecom/products/ineos-moisturising-hand-wash-white-rose-neroli/970294-825734-825735,INEOS Moisturising Hand Wash White Rose + Neroli,500ml,£1.60,32p/100ml,20% Off. Was £2.00,New
584038,Robinsons Double Concentrate Apple & Blackcurrant Squash,G,true,156,https://ecom-su-static-prod.wtrecom.com/images/products/3/LN_584038_BP_3.jpg,https://www.waitrose.com/ecom/products/robinsons-double-concentrate-apple-blackcurrant-squash/584038-824806-824807,Robinsons Double Concentrate Apple & Blackcurrant Squash,750ml,£1.25,16.7p/100ml,save 75p. Was £2.00,New
811244,Robinsons Double Concentrate NAS Blackcurrant Squash,G,true,157,https://ecom-su-static-prod.wtrecom.com/images/products/3/LN_811244_BP_3.jpg,https://www.waitrose.com/ecom/products/robinsons-double-concentrate-nas-blackcurrant-squash/811244-824902-824903,Robinsons Double Concentrate NAS Blackcurrant Squash,750ml,£1.25,16.7p/100ml,save 75p. Was £2.00,New
589662,Waitrose 4 Jumbo Frankfurters,G,false,158,https://ecom-su-static-prod.wtrecom.com/images/products/3/LN_589662_BP_3.jpg,https://www.waitrose.com/ecom/products/waitrose-4-jumbo-frankfurters/589662-827202-827203,Waitrose 4 Jumbo Frankfurters,360g,£3.00,£8.34/kg,,New
802291,Robinsons Double Concentrate Orange Squash,G,true,159,https://ecom-su-static-prod.wtrecom.com/images/products/3/LN_802291_BP_3.jpg,https://www.waitrose.com/ecom/products/robinsons-double-concentrate-orange-squash/802291-824896-824897,Robinsons Double Concentrate Orange Squash,750ml,£1.25,16.7p/100ml,save 75p. Was £2.00,New
909961,Dr. Will's Tomato Ketchup,G,false,160,https://ecom-su-static-prod.wtrecom.com/images/products/3/LN_909961_BP_3.jpg,https://www.waitrose.com/ecom/products/dr-wills-tomato-ketchup/909961-826788-826789,Dr. Will's Tomato Ketchup,250g,£2.80,£1.12/100g,,New
462753,Waitrose 5 Carrot Cake Slices,G,false,161,https://ecom-su-static-prod.wtrecom.com/images/products/3/LN_462753_BP_3.jpg,https://www.waitrose.com/ecom/products/waitrose-5-carrot-cake-slices/462753-826856-826857,Waitrose 5 Carrot Cake Slices,5s,£2.50,50p each,,New
922160,Original Source Lemon & Tea Tree Shower Gel,G,true,162,https://ecom-su-static-prod.wtrecom.com/images/products/3/LN_922160_BP_3.jpg,https://www.waitrose.com/ecom/products/original-source-lemon-tea-tree-shower-gel/922160-825648-825649,Original Source Lemon & Tea Tree Shower Gel,250ml,£1.00,40p/100ml,Save 1/3. Was £1.50,New
595494,Pollen + Grace Indian Spiced Bombay Potato Grain Bowl,G,true,163,https://ecom-su-static-prod.wtrecom.com/images/products/3/LN_595494_BP_3.jpg,https://www.waitrose.com/ecom/products/pollen-grace-indian-spiced-bombay-potato-grain-bowl/595494-825115-825116,Pollen + Grace Indian Spiced Bombay Potato Grain Bowl,275g,£4.25,£1.55/100g,"£5 Food to Go Meal Deal: Add 1 Main, 1 Snack and 1 Drink",New
913818,PEDIGREE Schmackos Dog Treats Meat Variety Pack,G,false,164,https://ecom-su-static-prod.wtrecom.com/images/products/3/LN_913818_BP_3.jpg,https://www.waitrose.com/ecom/products/pedigree-schmackos-dog-treats-meat-variety-pack/913818-824964-824965,PEDIGREE Schmackos Dog Treats Meat Variety Pack,114g,£1.50,£13.16/kg,,New
817031,PlantLiving: Mediterranean Style Mini Rolls,G,true,165,https://ecom-su-static-prod.wtrecom.com/images/products/3/LN_817031_BP_3.jpg,https://www.waitrose.com/ecom/products/plantliving-mediterranean-style-mini-rolls/817031-825255-825256,PlantLiving: Mediterranean Style Mini Rolls,180g,£3.00,£1.67/100g,Add 2 for £5.50,New
432293,Ottolenghi Citrus & Spice Seasoning,G,false,166,https://ecom-su-static-prod.wtrecom.com/images/products/3/LN_432293_BP_3.jpg,https://www.waitrose.com/ecom/products/ottolenghi-citrus-spice-seasoning/432293-824746-824747,Ottolenghi Citrus & Spice Seasoning,50g,£3.95,79p/10g,,New
964975,Grind Iced Oat Flat White Coffee,G,false,167,https://ecom-su-static-prod.wtrecom.com/images/products/3/LN_964975_BP_3.jpg,https://www.waitrose.com/ecom/products/grind-iced-oat-flat-white-coffee/964975-826888-826889,Grind Iced Oat Flat White Coffee,250ml,£2.00,80p/100ml,,New
738228,Ottolenghi Sweet & Smoky Seasoning,G,false,168,https://ecom-su-static-prod.wtrecom.com/images/products/3/LN_738228_BP_3.jpg,https://www.waitrose.com/ecom/products/ottolenghi-sweet-smoky-seasoning/738228-824868-824869,Ottolenghi Sweet & Smoky Seasoning,50g,£3.95,79p/10g,,New
416509,Kinder Bueno 8 Bars,G,false,169,https://ecom-su-static-prod.wtrecom.com/images/products/3/LN_416509_BP_3.jpg,https://www.waitrose.com/ecom/products/kinder-bueno-8-bars/416509-825794-825795,Kinder Bueno 8 Bars,4x43g,£2.80,£1.63/100g,,New
909432,Deliciously Ella Strawberry & Almond Low Sugar Granola,G,false,170,https://ecom-su-static-prod.wtrecom.com/images/products/3/LN_909432_BP_3.jpg,https://www.waitrose.com/ecom/products/deliciously-ella-strawberry-almond-low-sugar-granola/909432-826786-826787,Deliciously Ella Strawberry & Almond Low Sugar Granola,380g,£4.00,£1.06/100g,,New
938058,Dove Pampering Care Body Wash Shea Butter & Vanilla,G,true,171,https://ecom-su-static-prod.wtrecom.com/images/products/3/LN_938058_BP_3.jpg,https://www.waitrose.com/ecom/products/dove-pampering-care-body-wash-shea-butter-vanilla/938058-825690-825691,Dove Pampering Care Body Wash Shea Butter & Vanilla,400ml,£3.00,75p/100ml,Save 1/3. Was £4.50,New
988412,"Waitrose Hake Fillets w Garlic, Chilli & Paprika Butter",G,true,172,https://ecom-su-static-prod.wtrecom.com/images/products/3/LN_988412_BP_3.jpg,https://www.waitrose.com/ecom/products/waitrose-hake-fillets-w-garlic-chilli-paprika-butter/988412-826556-826557,"Waitrose Hake Fillets w Garlic, Chilli & Paprika Butter",256g,£4.80,,Introductory Offer.Will be £6.00,New
829563,Alpro Barista Coconut Chilled Dairy Free Milk Alternative,G,false,173,https://ecom-su-static-prod.wtrecom.com/images/products/3/LN_829563_BP_3.jpg,https://www.waitrose.com/ecom/products/alpro-barista-coconut-chilled-dairy-free-milk-alternative/829563-826872-826873,Alpro Barista Coconut Chilled Dairy Free Milk Alternative,750ml,£1.85,£2.47/litre,,New
605895,No.1 2 Outdoor Bred Pork Runny Scotch Eggs,G,true,174,https://ecom-su-static-prod.wtrecom.com/images/products/3/LN_605895_BP_3.jpg,https://www.waitrose.com/ecom/products/no1-2-outdoor-bred-pork-runny-scotch-eggs/605895-827204-827205,No.1 2 Outdoor Bred Pork Runny Scotch Eggs,2x127g,£4.00,,Introductory Offer.Will be £5.00,New
552474,Ottolenghi Chilli Sauce,G,false,175,https://ecom-su-static-prod.wtrecom.com/images/products/3/LN_552474_BP_3.jpg,https://www.waitrose.com/ecom/products/ottolenghi-chilli-sauce/552474-824794-824795,Ottolenghi Chilli Sauce,170g,£4.50,£2.65/100g,,New
456303,Unearthed Stuffed Green Peppers,G,true,176,https://ecom-su-static-prod.wtrecom.com/images/products/3/LN_456303_BP_3.jpg,https://www.waitrose.com/ecom/products/unearthed-stuffed-green-peppers/456303-824546-824547,Unearthed Stuffed Green Peppers,150g,£2.73,£1.82/100g,25% Off. Was £3.65,New
498486,"Waitrose Ham Hock, Potato & Green Bean Salad",G,true,177,https://ecom-su-static-prod.wtrecom.com/images/products/3/LN_498486_BP_3.jpg,https://www.waitrose.com/ecom/products/waitrose-ham-hock-potato-green-bean-salad/498486-825067-825068,"Waitrose Ham Hock, Potato & Green Bean Salad",315g,£4.30,£1.37/100g,"£5 Food to Go Meal Deal: Add 1 Main, 1 Snack and 1 Drink",New
817083,Finish Ultimate+ Regular Dishwasher Tablets 48W,G,true,178,https://ecom-su-static-prod.wtrecom.com/images/products/3/LN_817083_BP_3.jpg,https://www.waitrose.com/ecom/products/finish-ultimate-regular-dishwasher-tablets-48w/817083-825902-825903,Finish Ultimate+ Regular Dishwasher Tablets 48W,48Each,£9.00,18.8p each,save £6.00. Was £15.00,New
384837,Cadbury Chocolate Orange Mini Rolls,G,false,179,https://ecom-su-static-prod.wtrecom.com/images/products/3/LN_384837_BP_3.jpg,https://www.waitrose.com/ecom/products/cadbury-chocolate-orange-mini-rolls/384837-826846-826847,Cadbury Chocolate Orange Mini Rolls,5s,£2.50,50p each,,New
438658,Waitrose Watermelon Cooler,G,true,180,https://ecom-su-static-prod.wtrecom.com/images/products/3/LN_438658_BP_3.jpg,https://www.waitrose.com/ecom/products/waitrose-watermelon-cooler/438658-825025-825026,Waitrose Watermelon Cooler,250ml,£1.40,56p/100ml,"£5 Food to Go Meal Deal: Add 1 Main, 1 Snack and 1 Drink",New
467666,PlantLiving: Curried Vegetable Mini Rolls,G,true,181,https://ecom-su-static-prod.wtrecom.com/images/products/3/LN_467666_BP_3.jpg,https://www.waitrose.com/ecom/products/plantliving-curried-vegetable-mini-rolls/467666-825053-825054,PlantLiving: Curried Vegetable Mini Rolls,180g,£3.00,£1.67/100g,Add 2 for £5.50,New
546658,Fairy Laundry Liquid Pods Silk Tree Blossom & Jasmine 29W,G,false,182,https://ecom-su-static-prod.wtrecom.com/images/products/3/LN_546658_BP_3.jpg,https://www.waitrose.com/ecom/products/fairy-laundry-liquid-pods-silk-tree-blossom-jasmine-29w/546658-825087-825088,Fairy Laundry Liquid Pods Silk Tree Blossom & Jasmine 29W,29Each,£9.00,31p each,,New
398655,Dr. Will's BBQ Sauce,G,false,183,https://ecom-su-static-prod.wtrecom.com/images/products/3/LN_398655_BP_3.jpg,https://www.waitrose.com/ecom/products/dr-wills-bbq-sauce/398655-826732-826733,Dr. Will's BBQ Sauce,250g,£2.80,£1.12/100g,,New
813342,Ottolenghi Green Harissa Paste,G,false,184,https://ecom-su-static-prod.wtrecom.com/images/products/3/LN_813342_BP_3.jpg,https://www.waitrose.com/ecom/products/ottolenghi-green-harissa-paste/813342-824908-824909,Ottolenghi Green Harissa Paste,170g,£5.00,£2.95/100g,,New
459915,Shaken Udder Double Chocolate Milkshake,G,true,185,https://ecom-su-static-prod.wtrecom.com/images/products/3/LN_459915_BP_3.jpg,https://www.waitrose.com/ecom/products/shaken-udder-double-chocolate-milkshake/459915-825043-825044,Shaken Udder Double Chocolate Milkshake,330ml,£1.70,£5.16/litre,"£5 Food to Go Meal Deal: Add 1 Main, 1 Snack and 1 Drink",New
928103,Andrex Ultimate Quilts Vanilla & Sandalwood Toilet Rolls,G,true,186,https://ecom-su-static-prod.wtrecom.com/images/products/3/LN_928103_BP_3.jpg,https://www.waitrose.com/ecom/products/andrex-ultimate-quilts-vanilla-sandalwood-toilet-rolls/928103-827346-827347,Andrex Ultimate Quilts Vanilla & Sandalwood Toilet Rolls,1395Sheet,£5.00,35.8p/100 sheets,Introductory Offer.Will be £6.95,New
407125,Tom Parker Banana Fudge Milk,G,false,187,https://ecom-su-static-prod.wtrecom.com/images/products/3/LN_407125_BP_3.jpg,https://www.waitrose.com/ecom/products/tom-parker-banana-fudge-milk/407125-826514-826515,Tom Parker Banana Fudge Milk,500ml,£2.40,£4.80/litre,,New
980228,Andrex Ultimate Quilts + Aloe Toilet Roll,G,true,188,https://ecom-su-static-prod.wtrecom.com/images/products/3/LN_980228_BP_3.jpg,https://www.waitrose.com/ecom/products/andrex-ultimate-quilts-aloe-toilet-roll/980228-827595-827596,Andrex Ultimate Quilts + Aloe Toilet Roll,1395Sheet,£5.00,35.8p/100 sheets,Introductory Offer.Will be £6.75,New
458410,Waitrose Egg & Potato Salad,G,true,189,https://ecom-su-static-prod.wtrecom.com/images/products/3/LN_458410_BP_3.jpg,https://www.waitrose.com/ecom/products/waitrose-egg-potato-salad/458410-825039-825040,Waitrose Egg & Potato Salad,300g,£4.30,£1.44/100g,"£5 Food to Go Meal Deal: Add 1 Main, 1 Snack and 1 Drink",New
932690,Original Source Vanilla & Raspberry Shower Gel,G,true,190,https://ecom-su-static-prod.wtrecom.com/images/products/3/LN_932690_BP_3.jpg,https://www.waitrose.com/ecom/products/original-source-vanilla-raspberry-shower-gel/932690-825674-825675,Original Source Vanilla & Raspberry Shower Gel,250ml,£1.00,40p/100ml,Save 1/3. Was £1.50,New
691861,Waitrose 4 Double Chocolate & Brazilian Orange Cookies,G,false,191,https://ecom-su-static-prod.wtrecom.com/images/products/3/LN_691861_BP_3.jpg,https://www.waitrose.com/ecom/products/waitrose-4-double-chocolate-brazilian-orange-cookies/691861-824466-824467,Waitrose 4 Double Chocolate & Brazilian Orange Cookies,4's,£2.00,50p each,,New
698542,La Vie Plant-Based Smoked Ham,G,false,192,https://ecom-su-static-prod.wtrecom.com/images/products/3/LN_698542_BP_3.jpg,https://www.waitrose.com/ecom/products/la-vie-plant-based-smoked-ham/698542-825187-825188,La Vie Plant-Based Smoked Ham,100g,£3.00,£3/100g,,New
946434,Eat Real Veggie Straws Sea Salt,G,false,193,https://ecom-su-static-prod.wtrecom.com/images/products/3/LN_946434_BP_3.jpg,https://www.waitrose.com/ecom/products/eat-real-veggie-straws-sea-salt/946434-826816-826817,Eat Real Veggie Straws Sea Salt,110g,£2.10,£1.91/100g,,New
866073,Badger Golden Glory,G,true,194,https://ecom-su-static-prod.wtrecom.com/images/products/3/LN_866073_BP_3.jpg,https://www.waitrose.com/ecom/products/badger-golden-glory/866073-826202-826203,Badger Golden Glory,500ml,£2.25,£4.50/litre,Add 4 for £7,New
679242,Waitrose Summer Mojito Mocktail,G,true,195,https://ecom-su-static-prod.wtrecom.com/images/products/3/LN_679242_BP_3.jpg,https://www.waitrose.com/ecom/products/waitrose-summer-mojito-mocktail/679242-825175-825176,Waitrose Summer Mojito Mocktail,750ml,£1.72,22.9p/100ml,25% Off. Was £2.30,New
893657,Waitrose Prawn Layered Salad,G,true,196,https://ecom-su-static-prod.wtrecom.com/images/products/3/LN_893657_BP_3.jpg,https://www.waitrose.com/ecom/products/waitrose-prawn-layered-salad/893657-825313-825314,Waitrose Prawn Layered Salad,220g,£3.10,£1.41/100g,"£5 Food to Go Meal Deal: Add 1 Main, 1 Snack and 1 Drink",New
675657,Birds Eye Garden Peas & Sweetcorn,G,true,197,https://ecom-su-static-prod.wtrecom.com/images/products/3/LN_675657_BP_3.jpg,https://www.waitrose.com/ecom/products/birds-eye-garden-peas-sweetcorn/675657-824385-824386,Birds Eye Garden Peas & Sweetcorn,640g,£3.15,£4.93/kg,Add 2 for £4.50,New
663349,Persil Ultimate Active Clean Laundry Washing Capsules,G,false,198,https://ecom-su-static-prod.wtrecom.com/images/products/3/LN_663349_BP_3.jpg,https://www.waitrose.com/ecom/products/persil-ultimate-active-clean-laundry-washing-capsules/663349-825852-825853,Persil Ultimate Active Clean Laundry Washing Capsules,24Each,£7.00,29.2p each,,New
954713,Charlie Bighams Cauliflower & Paneer Curry with Pilau Rice,G,false,199,https://ecom-su-static-prod.wtrecom.com/images/products/3/LN_954713_BP_3.jpg,https://www.waitrose.com/ecom/products/charlie-bighams-cauliflower-paneer-curry-with-pilau-rice/954713-825371-825372,Charlie Bighams Cauliflower & Paneer Curry with Pilau Rice,830g,£8.50,£1.03/100g,,New
340318,Mrs Crimble's 6 Caramel Macaroons,G,false,200,https://ecom-su-static-prod.wtrecom.com/images/products/3/LN_340318_BP_3.jpg,https://www.waitrose.com/ecom/products/mrs-crimbles-6-caramel-macaroons/340318-826720-826721,Mrs Crimble's 6 Caramel Macaroons,180g,£1.70,94.4p/100g,,New
201954,Candy Kittens Wild & Free,G,false,201,https://ecom-su-static-prod.wtrecom.com/images/products/3/LN_201954_BP_3.jpg,https://www.waitrose.com/ecom/products/candy-kittens-wild-free/201954-825784-825785,Candy Kittens Wild & Free,140g,£2.75,£1.97/100g,,New
835814,Waitrose Korma Spice Paste,G,false,202,https://ecom-su-static-prod.wtrecom.com/images/products/3/LN_835814_BP_3.jpg,https://www.waitrose.com/ecom/products/waitrose-korma-spice-paste/835814-824924-824925,Waitrose Korma Spice Paste,180g,£2.00,£1.12/100g,,New
824864,Cadbury Dairy Milk & More Caramel Nut Crunch Bar,G,true,203,https://ecom-su-static-prod.wtrecom.com/images/products/3/LN_824864_BP_3.jpg,https://www.waitrose.com/ecom/products/cadbury-dairy-milk-more-caramel-nut-crunch-bar/824864-825444-825445,Cadbury Dairy Milk & More Caramel Nut Crunch Bar,200g,£2.25,£1.13/100g,save 50p. Was £2.75,New
758169,Tracklements Wild Garlic Sauce,G,true,204,https://ecom-su-static-prod.wtrecom.com/images/products/3/LN_758169_BP_3.jpg,https://www.waitrose.com/ecom/products/tracklements-wild-garlic-sauce/758169-826768-826769,Tracklements Wild Garlic Sauce,140g,£3.00,£2.15/100g,Buyers Choice,New
970994,Innocent Blueberry Focus Super Smoothie,G,false,205,https://ecom-su-static-prod.wtrecom.com/images/products/3/LN_970994_BP_3.jpg,https://www.waitrose.com/ecom/products/innocent-blueberry-focus-super-smoothie/970994-827358-827359,Innocent Blueberry Focus Super Smoothie,750ml,£4.75,,,New
596640,Tom Parker Vitamin Enriched Whole Milk,G,false,206,https://ecom-su-static-prod.wtrecom.com/images/products/3/LN_596640_BP_3.jpg,https://www.waitrose.com/ecom/products/tom-parker-vitamin-enriched-whole-milk/596640-826528-826529,Tom Parker Vitamin Enriched Whole Milk,500ml,£1.30,£2.60/litre,,New
830549,essential Waitrose Colourcare Capsules 30w,G,false,207,https://ecom-su-static-prod.wtrecom.com/images/products/3/LN_830549_BP_3.jpg,https://www.waitrose.com/ecom/products/essential-waitrose-colourcare-capsules-30w/830549-825910-825911,essential Waitrose Colourcare Capsules 30w,556.9g,£5.00,£8.98/kg,,New
609519,THIS Isn't Chicken Shawarma,G,false,208,https://ecom-su-static-prod.wtrecom.com/images/products/3/LN_609519_BP_3.jpg,https://www.waitrose.com/ecom/products/this-isnt-chicken-shawarma/609519-825133-825134,THIS Isn't Chicken Shawarma,170g,£3.40,£2/100g,,New
832208,Waitrose Squeezy Garlic Mayonnaise,G,false,209,https://ecom-su-static-prod.wtrecom.com/images/products/3/LN_832208_BP_3.jpg,https://www.waitrose.com/ecom/products/waitrose-squeezy-garlic-mayonnaise/832208-826776-826777,Waitrose Squeezy Garlic Mayonnaise,280ml,£1.50,53.6p/100ml,,New
883881,Waitrose Summer Watermelon Cooler,G,true,210,https://ecom-su-static-prod.wtrecom.com/images/products/3/LN_883881_BP_3.jpg,https://www.waitrose.com/ecom/products/waitrose-summer-watermelon-cooler/883881-825305-825306,Waitrose Summer Watermelon Cooler,750ml,£1.72,22.9p/100ml,25% Off. Was £2.30,New
419681,Renourish Refresh Gazpacho,G,true,211,https://ecom-su-static-prod.wtrecom.com/images/products/3/LN_419681_BP_3.jpg,https://www.waitrose.com/ecom/products/renourish-refresh-gazpacho/419681-824542-824543,Renourish Refresh Gazpacho,500g,£2.65,53p/100g,save 55p. Was £3.20,New
654849,Waitrose Plant Living Vegan Garlic Doughballs,G,false,212,https://ecom-su-static-prod.wtrecom.com/images/products/3/LN_654849_BP_3.jpg,https://www.waitrose.com/ecom/products/waitrose-plant-living-vegan-garlic-doughballs/654849-825159-825160,Waitrose Plant Living Vegan Garlic Doughballs,210G,£3.00,,,New
677705,Taiko Chicken Katsu Dragon Rolls,G,true,213,https://ecom-su-static-prod.wtrecom.com/images/products/3/LN_677705_BP_3.jpg,https://www.waitrose.com/ecom/products/taiko-chicken-katsu-dragon-rolls/677705-825173-825174,Taiko Chicken Katsu Dragon Rolls,205g,£4.75,£2.32/100g,"£5 Food to Go Meal Deal: Add 1 Main, 1 Snack and 1 Drink",New
560654,Tonys Chocolonely Milk Chocolate Chip Cookie,G,false,214,https://ecom-su-static-prod.wtrecom.com/images/products/3/LN_560654_BP_3.jpg,https://www.waitrose.com/ecom/products/tonys-chocolonely-milk-chocolate-chip-cookie/560654-825832-825833,Tonys Chocolonely Milk Chocolate Chip Cookie,180g,£3.50,£1.95/100g,,New
438025,Ritter Sport Praline,G,false,215,https://ecom-su-static-prod.wtrecom.com/images/products/3/LN_438025_BP_3.jpg,https://www.waitrose.com/ecom/products/ritter-sport-praline/438025-825798-825799,Ritter Sport Praline,100g,£1.30,£1.30/100g,,New
959469,INEOS Moisturising Hand Wash Rhubarb + Tonka,G,true,216,https://ecom-su-static-prod.wtrecom.com/images/products/3/LN_959469_BP_3.jpg,https://www.waitrose.com/ecom/products/ineos-moisturising-hand-wash-rhubarb-tonka/959469-825726-825727,INEOS Moisturising Hand Wash Rhubarb + Tonka,500ml,£1.60,32p/100ml,20% Off. Was £2.00,New
900276,Sanex Dermo Sensitive Antiperspirant Spray,G,false,217,https://ecom-su-static-prod.wtrecom.com/images/products/3/LN_900276_BP_3.jpg,https://www.waitrose.com/ecom/products/sanex-dermo-sensitive-antiperspirant-spray/900276-826784-826785,Sanex Dermo Sensitive Antiperspirant Spray,200ml,£3.20,£1.60/100ml,,New
759016,Waitrose Plant Living Plant & Vegetable Mince,G,false,218,https://ecom-su-static-prod.wtrecom.com/images/products/3/LN_759016_BP_3.jpg,https://www.waitrose.com/ecom/products/waitrose-plant-living-plant-vegetable-mince/759016-825213-825214,Waitrose Plant Living Plant & Vegetable Mince,250g,£2.60,£1.04/100g,,New
856592,Waitrose 8 Churros,G,true,219,https://ecom-su-static-prod.wtrecom.com/images/products/3/LN_856592_BP_3.jpg,https://www.waitrose.com/ecom/products/waitrose-8-churros/856592-824614-824615,Waitrose 8 Churros,228g,£3.00,£1.32/100g,25% Off. Was £4.00,New
517345,Fairy Platinum All In One Dishwasher Tablets Lemon,G,true,220,https://ecom-su-static-prod.wtrecom.com/images/products/3/LN_517345_BP_3.jpg,https://www.waitrose.com/ecom/products/fairy-platinum-all-in-one-dishwasher-tablets-lemon/517345-825820-825821,Fairy Platinum All In One Dishwasher Tablets Lemon,74Each,£12.00,16.2p each,Save 1/3. Was £18.00,New
849702,Comfort Scent Booster Elixir Summer Bouquet,G,false,221,https://ecom-su-static-prod.wtrecom.com/images/products/3/LN_849702_BP_3.jpg,https://www.waitrose.com/ecom/products/comfort-scent-booster-elixir-summer-bouquet/849702-825922-825923,Comfort Scent Booster Elixir Summer Bouquet,460ml,£6.00,£13.05/litre,,New
945437,Eat Real 5 Packs Of Lentil Chips Salted,G,false,222,https://ecom-su-static-prod.wtrecom.com/images/products/3/LN_945437_BP_3.jpg,https://www.waitrose.com/ecom/products/eat-real-5-packs-of-lentil-chips-salted/945437-826814-826815,Eat Real 5 Packs Of Lentil Chips Salted,5x18g,£2.30,£2.56/100g,,New
883982,Old Master Hen,G,false,223,https://ecom-su-static-prod.wtrecom.com/images/products/3/LN_883982_BP_3.jpg,https://www.waitrose.com/ecom/products/old-master-hen/883982-827002-827003,Old Master Hen,500ml,£1.50,£3/litre,,New
683028,Lenor Outdoorable Northern Solstice Fabric Conditioner 76w,G,false,224,https://ecom-su-static-prod.wtrecom.com/images/products/3/LN_683028_BP_3.jpg,https://www.waitrose.com/ecom/products/lenor-outdoorable-northern-solstice-fabric-conditioner-76w/683028-825858-825859,Lenor Outdoorable Northern Solstice Fabric Conditioner 76w,1064ml,£6.50,£6.11/litre,,New
760359,Waitrose Plant Living Organic Marinated Tofu,G,false,225,https://ecom-su-static-prod.wtrecom.com/images/products/3/LN_760359_BP_3.jpg,https://www.waitrose.com/ecom/products/waitrose-plant-living-organic-marinated-tofu/760359-825217-825218,Waitrose Plant Living Organic Marinated Tofu,300g,£2.80,93.3p/100g,,New
557976,Ecover Laundry Detergent Capsules Non Bio 18w,G,true,226,https://ecom-su-static-prod.wtrecom.com/images/products/3/LN_557976_BP_3.jpg,https://www.waitrose.com/ecom/products/ecover-laundry-detergent-capsules-non-bio-18w/557976-825830-825831,Ecover Laundry Detergent Capsules Non Bio 18w,0.306Kg,£5.60,£18.31/kg,20% Off. Was £7.00,New
976405,Unearthed Olives with Provolone,G,true,227,https://ecom-su-static-prod.wtrecom.com/images/products/3/LN_976405_BP_3.jpg,https://www.waitrose.com/ecom/products/unearthed-olives-with-provolone/976405-827256-827257,Unearthed Olives with Provolone,150g,£2.73,£1.82/100g,Introductory Offer.Will be £3.65,New
867931,Cadbury Dairy Milk Caramel Ice Cream Tub,G,true,228,https://ecom-su-static-prod.wtrecom.com/images/products/3/LN_867931_BP_3.jpg,https://www.waitrose.com/ecom/products/cadbury-dairy-milk-caramel-ice-cream-tub/867931-824420-824421,Cadbury Dairy Milk Caramel Ice Cream Tub,480ml,£3.65,76p/100ml,Add 2 for £5,New
842911,Ottolenghi Aleppo & Other Chilli's,G,false,229,https://ecom-su-static-prod.wtrecom.com/images/products/3/LN_842911_BP_3.jpg,https://www.waitrose.com/ecom/products/ottolenghi-aleppo-other-chillis/842911-824928-824929,Ottolenghi Aleppo & Other Chilli's,40g,£3.95,98.8p/10g,,New
430309,Haribo Giant Strawbs Sweets,G,true,230,https://ecom-su-static-prod.wtrecom.com/images/products/3/LN_430309_BP_3.jpg,https://www.waitrose.com/ecom/products/haribo-giant-strawbs-sweets/430309-825796-825797,Haribo Giant Strawbs Sweets,175g,£1.25,71.4p/100g,save 25p. Was £1.50,New
651802,Waitrose Aleppo Chilli & Lemon Domat Olives,G,false,231,https://ecom-su-static-prod.wtrecom.com/images/products/3/LN_651802_BP_3.jpg,https://www.waitrose.com/ecom/products/waitrose-aleppo-chilli-lemon-domat-olives/651802-824572-824573,Waitrose Aleppo Chilli & Lemon Domat Olives,140g,£3.75,£2.68/100g,,New
742710,Jimmy's Iced Coffee Original,G,false,232,https://ecom-su-static-prod.wtrecom.com/images/products/3/LN_742710_BP_3.jpg,https://www.waitrose.com/ecom/products/jimmys-iced-coffee-original/742710-826532-826533,Jimmy's Iced Coffee Original,380ml,£3.00,£7.90/litre,,New
499659,Fairy Silk Tree In-Wash Scent Booster,G,false,233,https://ecom-su-static-prod.wtrecom.com/images/products/3/LN_499659_BP_3.jpg,https://www.waitrose.com/ecom/products/fairy-silk-tree-in-wash-scent-booster/499659-825816-825817,Fairy Silk Tree In-Wash Scent Booster,320g,£8.00,£25/kg,,New
758452,Loved & Found Cerceal,W,false,234,https://ecom-su-static-prod.wtrecom.com/images/products/3/LN_758452_BP_3.jpg,https://www.waitrose.com/ecom/products/loved-found-cerceal/758452-824498-824499,Loved & Found Cerceal,75cl,£8.99,£8.99/75cl,,New
578991,Waitrose Plant Living No Chicken Kyiv,G,false,235,https://ecom-su-static-prod.wtrecom.com/images/products/3/LN_578991_BP_3.jpg,https://www.waitrose.com/ecom/products/waitrose-plant-living-no-chicken-kyiv/578991-825099-825100,Waitrose Plant Living No Chicken Kyiv,250g,£3.40,£1.36/100g,,New
758320,Pagen Gifflar Raspberry & Vanilla Rolls,G,false,236,https://ecom-su-static-prod.wtrecom.com/images/products/3/LN_758320_BP_3.jpg,https://www.waitrose.com/ecom/products/pagen-gifflar-raspberry-vanilla-rolls/758320-826868-826869,Pagen Gifflar Raspberry & Vanilla Rolls,260g,£2.20,84.6p/100g,,New
943808,Unearthed Olives with Chilli,G,true,237,https://ecom-su-static-prod.wtrecom.com/images/products/3/LN_943808_BP_3.jpg,https://www.waitrose.com/ecom/products/unearthed-olives-with-chilli/943808-827248-827249,Unearthed Olives with Chilli,150g,£2.73,£1.82/100g,Introductory Offer.Will be £3.65,New
269451,Naturals Ginger & Lemongrass Body Wash,G,false,238,https://ecom-su-static-prod.wtrecom.com/images/products/3/LN_269451_BP_3.jpg,https://www.waitrose.com/ecom/products/naturals-ginger-lemongrass-body-wash/269451-825460-825461,Naturals Ginger & Lemongrass Body Wash,300ml,£4.75,£1.59/100ml,,New
387789,Rude Health Organic Oat Barista Drink,G,false,239,https://ecom-su-static-prod.wtrecom.com/images/products/3/LN_387789_BP_3.jpg,https://www.waitrose.com/ecom/products/rude-health-organic-oat-barista-drink/387789-826850-826851,Rude Health Organic Oat Barista Drink,1litre,£2.40,£2.40/litre,,New
402141,The Tofoo Co. Pepperoni Seitan,G,false,240,https://ecom-su-static-prod.wtrecom.com/images/products/3/LN_402141_BP_3.jpg,https://www.waitrose.com/ecom/products/the-tofoo-co-pepperoni-seitan/402141-825013-825014,The Tofoo Co. Pepperoni Seitan,225g,£2.50,£1.12/100g,,New
434712,Califia Farms Extra Creamy Almond Milk Alternative,G,false,241,https://ecom-su-static-prod.wtrecom.com/images/products/3/LN_434712_BP_3.jpg,https://www.waitrose.com/ecom/products/califia-farms-extra-creamy-almond-milk-alternative/434712-826852-826853,Califia Farms Extra Creamy Almond Milk Alternative,750ml,£2.50,£3.34/litre,,New
786881,Persil Bio Tough Stains Washing Capsules 26W,G,false,242,https://ecom-su-static-prod.wtrecom.com/images/products/3/LN_786881_BP_3.jpg,https://www.waitrose.com/ecom/products/persil-bio-tough-stains-washing-capsules-26w/786881-825890-825891,Persil Bio Tough Stains Washing Capsules 26W,26Each,£7.00,26.9p each,,New
842940,St Austell Hicks Strong Ale,G,true,243,https://ecom-su-static-prod.wtrecom.com/images/products/3/LN_842940_BP_3.jpg,https://www.waitrose.com/ecom/products/st-austell-hicks-strong-ale/842940-826190-826191,St Austell Hicks Strong Ale,500ml,£2.20,£4.40/litre,Add 3 for £5.50,New
488344,Waitrose Roast Chicken & Herby Pea Crush Sandwich,G,true,244,https://ecom-su-static-prod.wtrecom.com/images/products/3/LN_488344_BP_3.jpg,https://www.waitrose.com/ecom/products/waitrose-roast-chicken-herby-pea-crush-sandwich/488344-825063-825064,Waitrose Roast Chicken & Herby Pea Crush Sandwich,each,£3.95,£3.95 each,"£5 Food to Go Meal Deal: Add 1 Main, 1 Snack and 1 Drink",New
534267,Waitrose Ranch Dressing,G,false,245,https://ecom-su-static-prod.wtrecom.com/images/products/3/LN_534267_BP_3.jpg,https://www.waitrose.com/ecom/products/waitrose-ranch-dressing/534267-826740-826741,Waitrose Ranch Dressing,235ml,£2.20,93.6p/100ml,,New
688494,No.1 Mature Cheddar Cheese & Caramelised Onion Rolls,G,true,246,https://ecom-su-static-prod.wtrecom.com/images/products/3/LN_688494_BP_3.jpg,https://www.waitrose.com/ecom/products/no1-mature-cheddar-cheese-caramelised-onion-rolls/688494-827218-827219,No.1 Mature Cheddar Cheese & Caramelised Onion Rolls,188g,£3.04,£1.62/100g,Introductory Offer.Will be £3.80,New
885225,Shaken Udder White Chocolate Milkshake,G,true,247,https://ecom-su-static-prod.wtrecom.com/images/products/3/LN_885225_BP_3.jpg,https://www.waitrose.com/ecom/products/shaken-udder-white-chocolate-milkshake/885225-825309-825310,Shaken Udder White Chocolate Milkshake,330ml,£1.70,£5.16/litre,"£5 Food to Go Meal Deal: Add 1 Main, 1 Snack and 1 Drink",New
999942,Zebra Z-Grip Pack of 8 Assorted Ballpoint Pen,G,false,248,https://ecom-su-static-prod.wtrecom.com/images/products/3/LN_999942_BP_3.jpg,https://www.waitrose.com/ecom/products/zebra-z-grip-pack-of-8-assorted-ballpoint-pen/999942-827615-827616,Zebra Z-Grip Pack of 8 Assorted Ballpoint Pen,8Each,£4.00,50p each,,New
999432,Andrex Fresh & Sensitive Wipes,G,false,249,https://ecom-su-static-prod.wtrecom.com/images/products/3/LN_999432_BP_3.jpg,https://www.waitrose.com/ecom/products/andrex-fresh-sensitive-wipes/999432-827611-827612,Andrex Fresh & Sensitive Wipes,30Sheet,£1.00,£3.34/100 sheets,,New
999031,The Collective Brekkie Blueberry Oat Kids Yoghurt Pouch,G,true,250,https://ecom-su-static-prod.wtrecom.com/images/products/3/LN_999031_BP_3.jpg,https://www.waitrose.com/ecom/products/the-collective-brekkie-blueberry-oat-kids-yoghurt-pouch/999031-827645-827646,The Collective Brekkie Blueberry Oat Kids Yoghurt Pouch,110g,90p,81.8p/100g,Introductory Offer.Will be £1.20,New
998674,Lucozade Energy Cherry,G,false,251,https://ecom-su-static-prod.wtrecom.com/images/products/3/LN_998674_BP_3.jpg,https://www.waitrose.com/ecom/products/lucozade-energy-cherry/998674-827609-827610,Lucozade Energy Cherry,4x380ml,£3.25,21.4p/100ml,,New
998388,Anti Processed Air Fryer Cookbook,G,false,252,https://ecom-su-static-prod.wtrecom.com/images/products/3/LN_998388_BP_3.jpg,https://www.waitrose.com/ecom/products/anti-processed-air-fryer-cookbook/998388-826594-826595,Anti Processed Air Fryer Cookbook,1Each,£13.00,£13 each,,New
998218,IQOS Iluma One Pebble Grey,G,false,253,https://ecom-su-static-prod.wtrecom.com/images/products/3/LN_998218_BP_3.jpg,https://www.waitrose.com/ecom/products/iqos-iluma-one-pebble-grey/998218-826360-826361,IQOS Iluma One Pebble Grey,1Each,£29.00,£29 each,,New
998062,Dr Squatch Wood Barrel Bourbon Soap,G,false,254,https://ecom-su-static-prod.wtrecom.com/images/products/3/LN_998062_BP_3.jpg,https://www.waitrose.com/ecom/products/dr-squatch-wood-barrel-bourbon-soap/998062-826358-826359,Dr Squatch Wood Barrel Bourbon Soap,141.7g,£7.99,£5.64/100g,,New
997903,Pandas Who Promised,G,false,255,https://ecom-su-static-prod.wtrecom.com/images/products/3/LN_997903_BP_3.jpg,https://www.waitrose.com/ecom/products/pandas-who-promised/997903-826004-826005,Pandas Who Promised,each,£5.99,£5.99 each,,New
996159,Quorn Sweet Chilli Mini Fillets,G,false,256,https://ecom-su-static-prod.wtrecom.com/images/products/3/LN_996159_BP_3.jpg,https://www.waitrose.com/ecom/products/quorn-sweet-chilli-mini-fillets/996159-825399-825400,Quorn Sweet Chilli Mini Fillets,138g,£3.10,£2.25/100g,,New
996040,That's Not My Farm,G,false,257,https://ecom-su-static-prod.wtrecom.com/images/products/3/LN_996040_BP_3.jpg,https://www.waitrose.com/ecom/products/thats-not-my-farm/996040-824325-824326,That's Not My Farm,each,£9.99,£9.99 each,,New
995459,Unearthed German Style Salami,G,true,258,https://ecom-su-static-prod.wtrecom.com/images/products/3/LN_995459_BP_3.jpg,https://www.waitrose.com/ecom/products/unearthed-german-style-salami/995459-827264-827265,Unearthed German Style Salami,125g,£2.65,£2.12/100g,New Line,New
995237,Brewgooder Fonio Session IPA,G,false,259,https://ecom-su-static-prod.wtrecom.com/images/products/3/LN_995237_BP_3.jpg,https://www.waitrose.com/ecom/products/brewgooder-fonio-session-ipa/995237-826356-826357,Brewgooder Fonio Session IPA,4x330ml,£6.50,£4.93/litre,,New
995193,Snopake ReBorn Polyfile Ringbinder Wallet A4 Assorted,G,false,260,https://ecom-su-static-prod.wtrecom.com/images/products/3/LN_995193_BP_3.jpg,https://www.waitrose.com/ecom/products/snopake-reborn-polyfile-ringbinder-wallet-a4-assorted/995193-827607-827608,Snopake ReBorn Polyfile Ringbinder Wallet A4 Assorted,1Each,£3.00,£3 each,,New
994935,Dr Squatch Fresh Falls Deodorant,G,false,261,https://ecom-su-static-prod.wtrecom.com/images/products/3/LN_994935_BP_3.jpg,https://www.waitrose.com/ecom/products/dr-squatch-fresh-falls-deodorant/994935-826354-826355,Dr Squatch Fresh Falls Deodorant,75g,£12.99,£17.32/100g,,New
994824,Fussy Natural Deodorant Refill Wide Eyed,G,false,262,https://ecom-su-static-prod.wtrecom.com/images/products/3/LN_994824_BP_3.jpg,https://www.waitrose.com/ecom/products/fussy-natural-deodorant-refill-wide-eyed/994824-826840-826841,Fussy Natural Deodorant Refill Wide Eyed,40g,£6.00,£15/100g,,New
993146,GoFree Gluten Free Corn Flakes,G,false,263,https://ecom-su-static-prod.wtrecom.com/images/products/3/LN_993146_BP_3.jpg,https://www.waitrose.com/ecom/products/gofree-gluten-free-corn-flakes/993146-826838-826839,GoFree Gluten Free Corn Flakes,375g,£2.60,69.3p/100g,,New
992666,Red Bull Sugar Free,G,false,264,https://ecom-su-static-prod.wtrecom.com/images/products/3/LN_992666_BP_3.jpg,https://www.waitrose.com/ecom/products/red-bull-sugar-free/992666-827605-827606,Red Bull Sugar Free,473ml,£2.50,52.9p/100ml,,New
991989,Kiddylicious Pear Soft Biscotti 7+ Months,G,false,265,https://ecom-su-static-prod.wtrecom.com/images/products/3/LN_991989_BP_3.jpg,https://www.waitrose.com/ecom/products/kiddylicious-pear-soft-biscotti-7-months/991989-826350-826351,Kiddylicious Pear Soft Biscotti 7+ Months,6x20g,£2.80,£2.34/100g,,New
990127,Unearthed Superior Rosemary & Black Pepper Olives,G,true,266,https://ecom-su-static-prod.wtrecom.com/images/products/3/LN_990127_BP_3.jpg,https://www.waitrose.com/ecom/products/unearthed-superior-rosemary-black-pepper-olives/990127-827260-827261,Unearthed Superior Rosemary & Black Pepper Olives,140g,£2.73,£1.95/100g,Introductory Offer.Will be £3.65,New
990023,Small Beer Stout Bottle,G,false,267,https://ecom-su-static-prod.wtrecom.com/images/products/3/LN_990023_BP_3.jpg,https://www.waitrose.com/ecom/products/small-beer-stout-bottle/990023-826348-826349,Small Beer Stout Bottle,350ml,£2.25,£6.43/litre,,New
986056,Monster Mango Loco,G,true,268,https://ecom-su-static-prod.wtrecom.com/images/products/3/LN_986056_BP_3.jpg,https://www.waitrose.com/ecom/products/monster-mango-loco/986056-827603-827604,Monster Mango Loco,4x500ml,£5.00,0.1p/100ml,save 95p. Was £5.95,New
985999,ZYN Cool Mint X-Strong Nicotine Pouches 11mg 21s,G,false,269,https://ecom-su-static-prod.wtrecom.com/images/products/3/LN_985999_BP_3.jpg,https://www.waitrose.com/ecom/products/zyn-cool-mint-x-strong-nicotine-pouches-11mg-21s/985999-826344-826345,ZYN Cool Mint X-Strong Nicotine Pouches 11mg 21s,21s,£6.50,31p each,,New
985707,Veet Expert Bikini Kit 2x 50ml,G,false,270,https://ecom-su-static-prod.wtrecom.com/images/products/3/LN_985707_BP_3.jpg,https://www.waitrose.com/ecom/products/veet-expert-bikini-kit-2x-50ml/985707-826836-826837,Veet Expert Bikini Kit 2x 50ml,100ml,£9.99,£9.99/100ml,,New
985660,Dalston's Pineapple Soda,G,false,271,https://ecom-su-static-prod.wtrecom.com/images/products/3/LN_985660_BP_3.jpg,https://www.waitrose.com/ecom/products/dalstons-pineapple-soda/985660-827601-827602,Dalston's Pineapple Soda,4x330ml,£4.40,33.3p/100ml,,New
985012,Forest Feast Salted Dark Chocolate Almonds,G,false,272,https://ecom-su-static-prod.wtrecom.com/images/products/3/LN_985012_BP_3.jpg,https://www.waitrose.com/ecom/products/forest-feast-salted-dark-chocolate-almonds/985012-826506-826507,Forest Feast Salted Dark Chocolate Almonds,40g,£1.35,£3.38/100g,,New
984565,Buttermilk Peanut Nougat Choccy Bar,G,false,273,https://ecom-su-static-prod.wtrecom.com/images/products/3/LN_984565_BP_3.jpg,https://www.waitrose.com/ecom/products/buttermilk-peanut-nougat-choccy-bar/984565-826834-826835,Buttermilk Peanut Nougat Choccy Bar,50g,£1.75,,,New
984485,Johnson's Baby Bath,G,false,274,https://ecom-su-static-prod.wtrecom.com/images/products/3/LN_984485_BP_3.jpg,https://www.waitrose.com/ecom/products/johnsons-baby-bath/984485-826340-826341,Johnson's Baby Bath,500ml,£3.00,60p/100ml,,New
984207,Bacofoil Air Fryer Liners,G,false,275,https://ecom-su-static-prod.wtrecom.com/images/products/3/LN_984207_BP_3.jpg,https://www.waitrose.com/ecom/products/bacofoil-air-fryer-liners/984207-827599-827600,Bacofoil Air Fryer Liners,1Each,£3.99,£3.99 each,,New
983036,Baylis & Harding Mens Sandalwood & Vanilla Shower Gel,G,false,276,https://ecom-su-static-prod.wtrecom.com/images/products/3/LN_983036_BP_3.jpg,https://www.waitrose.com/ecom/products/baylis-harding-mens-sandalwood-vanilla-shower-gel/983036-826338-826339,Baylis & Harding Mens Sandalwood & Vanilla Shower Gel,500ml,£4.00,80p/100ml,,New
982947,There's a Wolf in Your Book,G,false,277,https://ecom-su-static-prod.wtrecom.com/images/products/3/LN_982947_BP_3.jpg,https://www.waitrose.com/ecom/products/theres-a-wolf-in-your-book/982947-826002-826003,There's a Wolf in Your Book,1Each,£5.99,£5.99 each,,New
982742,Veev One Blue Raspberry 1.8% Mint,G,false,278,https://ecom-su-static-prod.wtrecom.com/images/products/3/LN_982742_BP_3.jpg,https://www.waitrose.com/ecom/products/veev-one-blue-raspberry-18-mint/982742-826336-826337,Veev One Blue Raspberry 1.8% Mint,1Each,£4.99,£4.99 each,,New
982703,Dairylea Dunkers Jumbo Tubes 3 Pack,G,true,279,https://ecom-su-static-prod.wtrecom.com/images/products/3/LN_982703_BP_3.jpg,https://www.waitrose.com/ecom/products/dairylea-dunkers-jumbo-tubes-3-pack/982703-827970-827971,Dairylea Dunkers Jumbo Tubes 3 Pack,3x41g,£1.76,£14.31/kg,Introductory Offer.Will be £2.35,New
982428,Unruly,G,false,280,https://ecom-su-static-prod.wtrecom.com/images/products/3/LN_982428_BP_3.jpg,https://www.waitrose.com/ecom/products/unruly/982428-826000-826001,Unruly,1Each,£6.99,£6.99 each,,New
982249,Northern Monk Heathen Club Hazy Pale,G,true,281,https://ecom-su-static-prod.wtrecom.com/images/products/3/LN_982249_BP_3.jpg,https://www.waitrose.com/ecom/products/northern-monk-heathen-club-hazy-pale/982249-826334-826335,Northern Monk Heathen Club Hazy Pale,4x330ml,£5.75,£4.36/litre,save £1.00. Was £6.75,New
982107,ZYN Cool Mint Mini Strong Nicotine Pouches 6mg 20s,G,false,282,https://ecom-su-static-prod.wtrecom.com/images/products/3/LN_982107_BP_3.jpg,https://www.waitrose.com/ecom/products/zyn-cool-mint-mini-strong-nicotine-pouches-6mg-20s/982107-826332-826333,ZYN Cool Mint Mini Strong Nicotine Pouches 6mg 20s,20s,£6.50,32.5p each,,New
981524,Heath Cream Shave,G,false,283,https://ecom-su-static-prod.wtrecom.com/images/products/3/LN_981524_BP_3.jpg,https://www.waitrose.com/ecom/products/heath-cream-shave/981524-826330-826331,Heath Cream Shave,100ml,£10.00,£10/100ml,,New
980498,Capri-Sun Zero Blackcurrant & Apple,G,false,284,https://ecom-su-static-prod.wtrecom.com/images/products/3/LN_980498_BP_3.jpg,https://www.waitrose.com/ecom/products/capri-sun-zero-blackcurrant-apple/980498-827597-827598,Capri-Sun Zero Blackcurrant & Apple,8x200ml,£3.35,20.9p/100ml,,New
980418,Baylis & Harding EDIT Cherry Temptation Hand Wash,G,false,285,https://ecom-su-static-prod.wtrecom.com/images/products/3/LN_980418_BP_3.jpg,https://www.waitrose.com/ecom/products/baylis-harding-edit-cherry-temptation-hand-wash/980418-825758-825759,Baylis & Harding EDIT Cherry Temptation Hand Wash,400ml,£4.00,£1/100ml,,New
979867,Korres Sea Salt Shower Gel and Body Cream set,G,true,286,https://ecom-su-static-prod.wtrecom.com/images/products/3/LN_979867_BP_3.jpg,https://www.waitrose.com/ecom/products/korres-sea-salt-shower-gel-and-body-cream-set/979867-827420-827421,Korres Sea Salt Shower Gel and Body Cream set,450ml,£17.25,,Introductory Offer.Will be £23.00,New
979689,Cadbury Dairy Milk Pots of Joy,G,true,287,https://ecom-su-static-prod.wtrecom.com/images/products/3/LN_979689_BP_3.jpg,https://www.waitrose.com/ecom/products/cadbury-dairy-milk-pots-of-joy/979689-827637-827638,Cadbury Dairy Milk Pots of Joy,350g,£1.50,42.9p/100g,Introductory Offer.Will be £3.00,New
979092,LifeJacket Daily Repair Moisturiser,G,false,288,https://ecom-su-static-prod.wtrecom.com/images/products/3/LN_979092_BP_3.jpg,https://www.waitrose.com/ecom/products/lifejacket-daily-repair-moisturiser/979092-826328-826329,LifeJacket Daily Repair Moisturiser,100ml,£16.00,£16/100ml,,New
978701,Hey Duggee Duggee's Clubhouse,G,false,289,https://ecom-su-static-prod.wtrecom.com/images/products/3/LN_978701_BP_3.jpg,https://www.waitrose.com/ecom/products/hey-duggee-duggees-clubhouse/978701-824696-824697,Hey Duggee Duggee's Clubhouse,1Each,£5.99,£5.99 each,,New
977544,Waitrose British Native Breeds Beef Mince 15%,G,true,290,https://ecom-su-static-prod.wtrecom.com/images/products/3/LN_977544_BP_3.jpg,https://www.waitrose.com/ecom/products/waitrose-british-native-breeds-beef-mince-15/977544-827968-827969,Waitrose British Native Breeds Beef Mince 15%,750g,£4.50,£6/kg,Introductory Offer.Will be £6.00,New
977338,Neal's Yard Seaweed & Arnica Bath Salts,G,false,291,https://ecom-su-static-prod.wtrecom.com/images/products/3/LN_977338_BP_3.jpg,https://www.waitrose.com/ecom/products/neals-yard-seaweed-arnica-bath-salts/977338-825754-825755,Neal's Yard Seaweed & Arnica Bath Salts,250g,£17.00,£6.80/100g,,New
977192,Pepsi Max Cans,G,true,292,https://ecom-su-static-prod.wtrecom.com/images/products/3/LN_977192_BP_3.jpg,https://www.waitrose.com/ecom/products/pepsi-max-cans/977192-827589-827590,Pepsi Max Cans,4x330ml,£3.25,24.6p/100ml,Add 2 for £5,New
977144,Venus Comfortglide Sensitive Razor,G,false,293,https://ecom-su-static-prod.wtrecom.com/images/products/3/LN_977144_BP_3.jpg,https://www.waitrose.com/ecom/products/venus-comfortglide-sensitive-razor/977144-826832-826833,Venus Comfortglide Sensitive Razor,1Each,£12.99,£12.99 each,,New
976989,ManCave Scalp Care + Shampoo,G,false,294,https://ecom-su-static-prod.wtrecom.com/images/products/3/LN_976989_BP_3.jpg,https://www.waitrose.com/ecom/products/mancave-scalp-care-shampoo/976989-826322-826323,ManCave Scalp Care + Shampoo,350ml,£10.00,£2.86/100ml,,New
975584,Renshaw Just Roll With It Yellow Fondant Icing,G,false,295,https://ecom-su-static-prod.wtrecom.com/images/products/3/LN_975584_BP_3.jpg,https://www.waitrose.com/ecom/products/renshaw-just-roll-with-it-yellow-fondant-icing/975584-827164-827165,Renshaw Just Roll With It Yellow Fondant Icing,250g,£2.50,£10/kg,,New
974874,Gillette Mach 3 Razor Blades,G,true,296,https://ecom-su-static-prod.wtrecom.com/images/products/3/LN_974874_BP_3.jpg,https://www.waitrose.com/ecom/products/gillette-mach-3-razor-blades/974874-826318-826319,Gillette Mach 3 Razor Blades,12Each,£16.99,£1.42 each,save £5.00. Was £21.99,New
974812,Pampers Harmonie Aqua Baby Wipes 0% Plastic,G,true,297,https://ecom-su-static-prod.wtrecom.com/images/products/3/LN_974812_BP_3.jpg,https://www.waitrose.com/ecom/products/pampers-harmonie-aqua-baby-wipes-0-plastic/974812-826316-826317,Pampers Harmonie Aqua Baby Wipes 0% Plastic,192Each,£4.25,2.3p each,save £4.25. Was £8.50,New
974332,Korres Fig Shower Gel and Body Cream Set,G,true,298,https://ecom-su-static-prod.wtrecom.com/images/products/3/LN_974332_BP_3.jpg,https://www.waitrose.com/ecom/products/korres-fig-shower-gel-and-body-cream-set/974332-827416-827417,Korres Fig Shower Gel and Body Cream Set,450ml,£17.25,,Introductory Offer.Will be £23.00,New
973766,That's Not My Shark,G,false,299,https://ecom-su-static-prod.wtrecom.com/images/products/3/LN_973766_BP_3.jpg,https://www.waitrose.com/ecom/products/thats-not-my-shark/973766-825998-825999,That's Not My Shark,1Each,£4.99,£4.99 each,,New
973285,The Real Cure Sloe & Garlic Wild Venison Salami,G,true,300,https://ecom-su-static-prod.wtrecom.com/images/products/3/LN_973285_BP_3.jpg,https://www.waitrose.com/ecom/products/the-real-cure-sloe-garlic-wild-venison-salami/973285-827254-827255,The Real Cure Sloe & Garlic Wild Venison Salami,55g,£3.37,£6.13/100g,Introductory Offer.Will be £4.50,New
973145,Bluey What Games Should We Play,G,false,301,https://ecom-su-static-prod.wtrecom.com/images/products/3/LN_973145_BP_3.jpg,https://www.waitrose.com/ecom/products/bluey-what-games-should-we-play/973145-824690-824691,Bluey What Games Should We Play,each,£5.99,£5.99 each,,New
972899,Dove Women Antiperspirant Roll On Powder,G,true,302,https://ecom-su-static-prod.wtrecom.com/images/products/3/LN_972899_BP_3.jpg,https://www.waitrose.com/ecom/products/dove-women-antiperspirant-roll-on-powder/972899-826828-826829,Dove Women Antiperspirant Roll On Powder,50ml,£1.95,£3.90/100ml,save 30p. Was £2.25,New
972082,Neal's Yard Baby Organic Collection,G,true,303,https://ecom-su-static-prod.wtrecom.com/images/products/3/LN_972082_BP_3.jpg,https://www.waitrose.com/ecom/products/neals-yard-baby-organic-collection/972082-827414-827415,Neal's Yard Baby Organic Collection,0.67Kg,£22.50,,Introductory Offer.Will be £30.00,New
972041,Rock Face Refined Antiperspirant Deodorant,G,false,304,https://ecom-su-static-prod.wtrecom.com/images/products/3/LN_972041_BP_3.jpg,https://www.waitrose.com/ecom/products/rock-face-refined-antiperspirant-deodorant/972041-826304-826305,Rock Face Refined Antiperspirant Deodorant,200ml,£3.75,£1.88/100ml,,New
971329,Slider Sound Books Woof,G,false,305,https://ecom-su-static-prod.wtrecom.com/images/products/3/LN_971329_BP_3.jpg,https://www.waitrose.com/ecom/products/slider-sound-books-woof/971329-825996-825997,Slider Sound Books Woof,1Each,£9.99,£9.99 each,,New
970170,Sanex Dermo Invisible Antiperspirant Spray,G,false,306,https://ecom-su-static-prod.wtrecom.com/images/products/3/LN_970170_BP_3.jpg,https://www.waitrose.com/ecom/products/sanex-dermo-invisible-antiperspirant-spray/970170-826826-826827,Sanex Dermo Invisible Antiperspirant Spray,200ml,£3.20,£1.60/100ml,,New
970163,Veetee Wholegrain Basmati Rice,G,true,307,https://ecom-su-static-prod.wtrecom.com/images/products/3/LN_970163_BP_3.jpg,https://www.waitrose.com/ecom/products/veetee-wholegrain-basmati-rice/970163-826504-826505,Veetee Wholegrain Basmati Rice,260g,£1.00,£3.85/kg,Save 1/3. Was £1.50,New
969902,Unearthed Westphalian Smoked Ham,G,true,308,https://ecom-su-static-prod.wtrecom.com/images/products/3/LN_969902_BP_3.jpg,https://www.waitrose.com/ecom/products/unearthed-westphalian-smoked-ham/969902-827252-827253,Unearthed Westphalian Smoked Ham,0.1Kg,£3.00,£3/100g,Add 2 for £5,New
969378,Kleenex Original Tissues Mega Box,G,false,309,https://ecom-su-static-prod.wtrecom.com/images/products/3/LN_969378_BP_3.jpg,https://www.waitrose.com/ecom/products/kleenex-original-tissues-mega-box/969378-827583-827584,Kleenex Original Tissues Mega Box,112Sheet,£2.50,£2.24/100 sheets,,New
968696,The Berry Company Superberries Red Juice,G,true,310,https://ecom-su-static-prod.wtrecom.com/images/products/3/LN_968696_BP_3.jpg,https://www.waitrose.com/ecom/products/the-berry-company-superberries-red-juice/968696-827581-827582,The Berry Company Superberries Red Juice,1litre,£2.00,20p/100ml,Introductory Offer.Will be £2.70,New
967450,Snopake ReBorn Polyfile Foolscap A4 Assorted,G,false,311,https://ecom-su-static-prod.wtrecom.com/images/products/3/LN_967450_BP_3.jpg,https://www.waitrose.com/ecom/products/snopake-reborn-polyfile-foolscap-a4-assorted/967450-827579-827580,Snopake ReBorn Polyfile Foolscap A4 Assorted,1Each,£2.50,£2.50 each,,New
967255,So Good,G,false,312,https://ecom-su-static-prod.wtrecom.com/images/products/3/LN_967255_BP_3.jpg,https://www.waitrose.com/ecom/products/so-good/967255-825994-825995,So Good,each,£20.00,£20 each,,New
966796,Thornbridge Lord Marples,G,false,313,https://ecom-su-static-prod.wtrecom.com/images/products/3/LN_966796_BP_3.jpg,https://www.waitrose.com/ecom/products/thornbridge-lord-marples/966796-826300-826301,Thornbridge Lord Marples,500ml,£2.25,£4.50/litre,,New
965637,"Gü Frozen Caramel, Chocolate & Hazelnut Sundae",G,false,314,https://ecom-su-static-prod.wtrecom.com/images/products/3/LN_965637_BP_3.jpg,https://www.waitrose.com/ecom/products/gu-frozen-caramel-chocolate-hazelnut-sundae/965637-827160-827161,"Gü Frozen Caramel, Chocolate & Hazelnut Sundae",4x79g,£6.00,£18.99/kg,,New
965184,Traitors Gate,G,false,315,https://ecom-su-static-prod.wtrecom.com/images/products/3/LN_965184_BP_3.jpg,https://www.waitrose.com/ecom/products/traitors-gate/965184-826586-826587,Traitors Gate,each,£6.99,£6.99 each,,New
965080,TRIP Mindful Blends Blood Orange & Rosemary,G,false,316,https://ecom-su-static-prod.wtrecom.com/images/products/3/LN_965080_BP_3.jpg,https://www.waitrose.com/ecom/products/trip-mindful-blends-blood-orange-rosemary/965080-827577-827578,TRIP Mindful Blends Blood Orange & Rosemary,4x250ml,£6.50,65p/100ml,,New
964343,ManCave Charcoal Face Scrub,G,false,317,https://ecom-su-static-prod.wtrecom.com/images/products/3/LN_964343_BP_3.jpg,https://www.waitrose.com/ecom/products/mancave-charcoal-face-scrub/964343-826296-826297,ManCave Charcoal Face Scrub,100ml,£8.00,£8/100ml,,New
964301,Wildfarmed Bread Flour,G,false,318,https://ecom-su-static-prod.wtrecom.com/images/products/3/LN_964301_BP_3.jpg,https://www.waitrose.com/ecom/products/wildfarmed-bread-flour/964301-827158-827159,Wildfarmed Bread Flour,1Kg,£2.50,£2.50/kg,,New
963731,Maped Pack of 12 Color'peps Oops Pencils,G,false,319,https://ecom-su-static-prod.wtrecom.com/images/products/3/LN_963731_BP_3.jpg,https://www.waitrose.com/ecom/products/maped-pack-of-12-colorpeps-oops-pencils/963731-827575-827576,Maped Pack of 12 Color'peps Oops Pencils,1Each,£2.50,£2.50 each,,New
962719,Pepsi Max Mango,G,true,320,https://ecom-su-static-prod.wtrecom.com/images/products/3/LN_962719_BP_3.jpg,https://www.waitrose.com/ecom/products/pepsi-max-mango/962719-827573-827574,Pepsi Max Mango,2litre,£2.35,11.8p/100ml,Add 2 for £3.50,New
962013,Tropicana MultiVit Boost Multifruit,G,false,321,https://ecom-su-static-prod.wtrecom.com/images/products/3/LN_962013_BP_3.jpg,https://www.waitrose.com/ecom/products/tropicana-multivit-boost-multifruit/962013-827352-827353,Tropicana MultiVit Boost Multifruit,850ml,£3.65,42.9p/100ml,,New
960917,Billy Connolly Rambling Man,G,false,322,https://ecom-su-static-prod.wtrecom.com/images/products/3/LN_960917_BP_3.jpg,https://www.waitrose.com/ecom/products/billy-connolly-rambling-man/960917-826584-826585,Billy Connolly Rambling Man,1Each,£7.99,£7.99 each,,New
960407,Dove Men+ Care Antiperspirant Roll On Classic,G,false,323,https://ecom-su-static-prod.wtrecom.com/images/products/3/LN_960407_BP_3.jpg,https://www.waitrose.com/ecom/products/dove-men-care-antiperspirant-roll-on-classic/960407-826294-826295,Dove Men+ Care Antiperspirant Roll On Classic,50ml,£2.25,£4.50/100ml,,New
960336,Unearthed 6 Chocolate Pastel De Nata,G,true,324,https://ecom-su-static-prod.wtrecom.com/images/products/3/LN_960336_BP_3.jpg,https://www.waitrose.com/ecom/products/unearthed-6-chocolate-pastel-de-nata/960336-827154-827155,Unearthed 6 Chocolate Pastel De Nata,360g,£3.40,94.4p/100g,25% Off. Was £4.55,New
959669,Yellowface,G,false,325,https://ecom-su-static-prod.wtrecom.com/images/products/3/LN_959669_BP_3.jpg,https://www.waitrose.com/ecom/products/yellowface/959669-825992-825993,Yellowface,each,£6.99,£6.99 each,,New
958608,Red Bull Ruby Edition Sugar Free,G,false,326,https://ecom-su-static-prod.wtrecom.com/images/products/3/LN_958608_BP_3.jpg,https://www.waitrose.com/ecom/products/red-bull-ruby-edition-sugar-free/958608-827569-827570,Red Bull Ruby Edition Sugar Free,4x250ml,£5.25,52.5p/100ml,,New
958567,Rubicon Lychee Juice Drink,G,true,327,https://ecom-su-static-prod.wtrecom.com/images/products/3/LN_958567_BP_3.jpg,https://www.waitrose.com/ecom/products/rubicon-lychee-juice-drink/958567-827567-827568,Rubicon Lychee Juice Drink,1litre,£1.50,15p/100ml,Introductory Offer.Will be £1.85,New
957951,Pukka Recycled Kraft Ringbinder A4,G,false,328,https://ecom-su-static-prod.wtrecom.com/images/products/3/LN_957951_BP_3.jpg,https://www.waitrose.com/ecom/products/pukka-recycled-kraft-ringbinder-a4/957951-827565-827566,Pukka Recycled Kraft Ringbinder A4,1 each,£2.50,£2.50 each,,New
957871,"James White Organic Apple, Mango & Carrot Juice",G,true,329,https://ecom-su-static-prod.wtrecom.com/images/products/3/LN_957871_BP_3.jpg,https://www.waitrose.com/ecom/products/james-white-organic-apple-mango-carrot-juice/957871-827563-827564,"James White Organic Apple, Mango & Carrot Juice",3x200ml,£1.25,20.8p/100ml,Introductory Offer.Will be £2.50,New
957648,Palmolive Coconut Shower Gel,G,false,330,https://ecom-su-static-prod.wtrecom.com/images/products/3/LN_957648_BP_3.jpg,https://www.waitrose.com/ecom/products/palmolive-coconut-shower-gel/957648-825724-825725,Palmolive Coconut Shower Gel,500ml,£2.25,45p/100ml,,New
957088,Korres Greek Olive Blossom Body Cream,G,false,331,https://ecom-su-static-prod.wtrecom.com/images/products/3/LN_957088_BP_3.jpg,https://www.waitrose.com/ecom/products/korres-greek-olive-blossom-body-cream/957088-825720-825721,Korres Greek Olive Blossom Body Cream,200ml,£17.00,£8.50/100ml,,New
956335,Naturals Ginger & Lemongrass Soap Bar,G,false,332,https://ecom-su-static-prod.wtrecom.com/images/products/3/LN_956335_BP_3.jpg,https://www.waitrose.com/ecom/products/naturals-ginger-lemongrass-soap-bar/956335-825718-825719,Naturals Ginger & Lemongrass Soap Bar,100g,£2.30,£2.30/100g,,New
956250,Sanex Total Protection Roll On Deodorant,G,true,333,https://ecom-su-static-prod.wtrecom.com/images/products/3/LN_956250_BP_3.jpg,https://www.waitrose.com/ecom/products/sanex-total-protection-roll-on-deodorant/956250-826824-826825,Sanex Total Protection Roll On Deodorant,50ml,£1.35,£2.70/100ml,Introductory Offer.Will be £1.90,New
956225,Kiddylicious Pizza Veggie Straws,G,false,334,https://ecom-su-static-prod.wtrecom.com/images/products/3/LN_956225_BP_3.jpg,https://www.waitrose.com/ecom/products/kiddylicious-pizza-veggie-straws/956225-826292-826293,Kiddylicious Pizza Veggie Straws,4x12g,£2.80,£5.84/100g,,New
955625,Sanex Active Fresh Roll On Deodorant,G,true,335,https://ecom-su-static-prod.wtrecom.com/images/products/3/LN_955625_BP_3.jpg,https://www.waitrose.com/ecom/products/sanex-active-fresh-roll-on-deodorant/955625-826822-826823,Sanex Active Fresh Roll On Deodorant,50ml,£1.35,£2.70/100ml,Introductory Offer.Will be £1.90,New
955522,Astrochimp,G,false,336,https://ecom-su-static-prod.wtrecom.com/images/products/3/LN_955522_BP_3.jpg,https://www.waitrose.com/ecom/products/astrochimp/955522-826580-826581,Astrochimp,1Each,£10.99,£10.99 each,,New
954711,Insane Kane A Pitch Of Salt Baked Knobbly Sticks,G,true,337,https://ecom-su-static-prod.wtrecom.com/images/products/3/LN_954711_BP_3.jpg,https://www.waitrose.com/ecom/products/insane-kane-a-pitch-of-salt-baked-knobbly-sticks/954711-826820-826821,Insane Kane A Pitch Of Salt Baked Knobbly Sticks,80g,£1.50,£1.88/100g,save 50p. Was £2.00,New
954398,ManCave Caffeine + Scalp Serum,G,false,338,https://ecom-su-static-prod.wtrecom.com/images/products/3/LN_954398_BP_3.jpg,https://www.waitrose.com/ecom/products/mancave-caffeine-scalp-serum/954398-826288-826289,ManCave Caffeine + Scalp Serum,50ml,£12.00,£24/100ml,,New
954257,Always Sensitive Normal Plus,G,false,339,https://ecom-su-static-prod.wtrecom.com/images/products/3/LN_954257_BP_3.jpg,https://www.waitrose.com/ecom/products/always-sensitive-normal-plus/954257-827561-827562,Always Sensitive Normal Plus,14Each,£1.05,7.5p each,,New
953292,Unearthed Olives with Gouda & Cumin,G,true,340,https://ecom-su-static-prod.wtrecom.com/images/products/3/LN_953292_BP_3.jpg,https://www.waitrose.com/ecom/products/unearthed-olives-with-gouda-cumin/953292-827250-827251,Unearthed Olives with Gouda & Cumin,150g,£2.73,£1.82/100g,Introductory Offer.Will be £3.65,New
952233,Zero Days,G,false,341,https://ecom-su-static-prod.wtrecom.com/images/products/3/LN_952233_BP_3.jpg,https://www.waitrose.com/ecom/products/zero-days/952233-825990-825991,Zero Days,1Each,£6.99,£6.99 each,,New
951078,Ocean Spray Pink Cranberry Juice,G,true,342,https://ecom-su-static-prod.wtrecom.com/images/products/3/LN_951078_BP_3.jpg,https://www.waitrose.com/ecom/products/ocean-spray-pink-cranberry-juice/951078-827557-827558,Ocean Spray Pink Cranberry Juice,1litre,£1.00,10p/100ml,Introductory Offer.Will be £1.95,New
949132,Venus Comfortglide Sensitive 3ct Blades,G,true,343,https://ecom-su-static-prod.wtrecom.com/images/products/3/LN_949132_BP_3.jpg,https://www.waitrose.com/ecom/products/venus-comfortglide-sensitive-3ct-blades/949132-826818-826819,Venus Comfortglide Sensitive 3ct Blades,3Each,£13.00,£4.34 each,save £1.99. Was £14.99,New
948975,Pampers Premium Protection Nappy Pants Size 7,G,true,344,https://ecom-su-static-prod.wtrecom.com/images/products/3/LN_948975_BP_3.jpg,https://www.waitrose.com/ecom/products/pampers-premium-protection-nappy-pants-size-7/948975-826280-826281,Pampers Premium Protection Nappy Pants Size 7,21Each,£6.50,31p each,save £5.50. Was £12.00,New
948657,Lucozade Energy Carribean Crush,G,false,345,https://ecom-su-static-prod.wtrecom.com/images/products/3/LN_948657_BP_3.jpg,https://www.waitrose.com/ecom/products/lucozade-energy-carribean-crush/948657-827555-827556,Lucozade Energy Carribean Crush,4x380ml,£3.25,21.4p/100ml,,New
948208,Sanex Expert Skin Health Therapy Shower & Bath Oil,G,true,346,https://ecom-su-static-prod.wtrecom.com/images/products/3/LN_948208_BP_3.jpg,https://www.waitrose.com/ecom/products/sanex-expert-skin-health-therapy-shower-bath-oil/948208-825708-825709,Sanex Expert Skin Health Therapy Shower & Bath Oil,450ml,£3.00,66.7p/100ml,Save 1/3. Was £4.50,New
947298,Korres Pure Greek Olive Blossom Soap,G,false,347,https://ecom-su-static-prod.wtrecom.com/images/products/3/LN_947298_BP_3.jpg,https://www.waitrose.com/ecom/products/korres-pure-greek-olive-blossom-soap/947298-825706-825707,Korres Pure Greek Olive Blossom Soap,125g,£6.00,£4.80/100g,,New
947119,Kiddylicious Apple & Broccoli Munchy Sticks 7+ Months,G,false,348,https://ecom-su-static-prod.wtrecom.com/images/products/3/LN_947119_BP_3.jpg,https://www.waitrose.com/ecom/products/kiddylicious-apple-broccoli-munchy-sticks-7-months/947119-826278-826279,Kiddylicious Apple & Broccoli Munchy Sticks 7+ Months,4x4g,£1.75,£10.94/100g,,New
945924,Big Zinger Golden Turmeric Shots,G,true,349,https://ecom-su-static-prod.wtrecom.com/images/products/3/LN_945924_BP_3.jpg,https://www.waitrose.com/ecom/products/big-zinger-golden-turmeric-shots/945924-827553-827554,Big Zinger Golden Turmeric Shots,330ml,£2.50,75.8p/100ml,Introductory Offer.Will be £4.00,New
945649,Maped Assorted Rubber Bands 50g,G,false,350,https://ecom-su-static-prod.wtrecom.com/images/products/3/LN_945649_BP_3.jpg,https://www.waitrose.com/ecom/products/maped-assorted-rubber-bands-50g/945649-827551-827552,Maped Assorted Rubber Bands 50g,Each,£1.80,,,New
945387,Deliciously Ella Blackberry & Pecan Deluxe Granola,G,false,351,https://ecom-su-static-prod.wtrecom.com/images/products/3/LN_945387_BP_3.jpg,https://www.waitrose.com/ecom/products/deliciously-ella-blackberry-pecan-deluxe-granola/945387-826812-826813,Deliciously Ella Blackberry & Pecan Deluxe Granola,380g,£4.50,£1.19/100g,,New
943955,FELIX Original Senior 7+ Fish Selection in Jelly,G,false,352,https://ecom-su-static-prod.wtrecom.com/images/products/3/LN_943955_BP_3.jpg,https://www.waitrose.com/ecom/products/felix-original-senior-7-fish-selection-in-jelly/943955-824970-824970,FELIX Original Senior 7+ Fish Selection in Jelly,12x85g,£3.90,0.4p/kg,,New
943174,Waitrose Ready To Bake 5 All Butter Almond Croissants,G,true,353,https://ecom-su-static-prod.wtrecom.com/images/products/3/LN_943174_BP_3.jpg,https://www.waitrose.com/ecom/products/waitrose-ready-to-bake-5-all-butter-almond-croissants/943174-827549-827550,Waitrose Ready To Bake 5 All Butter Almond Croissants,450g,£3.60,£8/kg,Introductory Offer.Will be £4.50,New
942901,BIC Flex 3 Disposable Razors,G,false,354,https://ecom-su-static-prod.wtrecom.com/images/products/3/LN_942901_BP_3.jpg,https://www.waitrose.com/ecom/products/bic-flex-3-disposable-razors/942901-826270-826271,BIC Flex 3 Disposable Razors,1Each,£4.40,£4.40 each,,New
942793,Neal's Yard Women's Balance Bath Salts,G,false,355,https://ecom-su-static-prod.wtrecom.com/images/products/3/LN_942793_BP_3.jpg,https://www.waitrose.com/ecom/products/neals-yard-womens-balance-bath-salts/942793-825702-825703,Neal's Yard Women's Balance Bath Salts,250g,£17.00,£6.80/100g,,New
942131,Unearthed Castelreal Olives,G,true,356,https://ecom-su-static-prod.wtrecom.com/images/products/3/LN_942131_BP_3.jpg,https://www.waitrose.com/ecom/products/unearthed-castelreal-olives/942131-827246-827247,Unearthed Castelreal Olives,140g,£2.73,£1.95/100g,Introductory Offer.Will be £3.65,New
941820,The Collective Brekkie Banana Oat Kids Yoghurt Pouch,G,true,357,https://ecom-su-static-prod.wtrecom.com/images/products/3/LN_941820_BP_3.jpg,https://www.waitrose.com/ecom/products/the-collective-brekkie-banana-oat-kids-yoghurt-pouch/941820-827631-827632,The Collective Brekkie Banana Oat Kids Yoghurt Pouch,110g,90p,81.8p/100g,Introductory Offer.Will be £1.20,New
941012,Harry's Truman Starter Pack - Orange Razor + 5 Blades,G,false,358,https://ecom-su-static-prod.wtrecom.com/images/products/3/LN_941012_BP_3.jpg,https://www.waitrose.com/ecom/products/harrys-truman-starter-pack-orange-razor-5-blades/941012-826268-826269,Harry's Truman Starter Pack - Orange Razor + 5 Blades,77g,£14.00,,,New
940599,Regina Blitz 3 Roll household Towel,G,false,359,https://ecom-su-static-prod.wtrecom.com/images/products/3/LN_940599_BP_3.jpg,https://www.waitrose.com/ecom/products/regina-blitz-3-roll-household-towel/940599-827547-827548,Regina Blitz 3 Roll household Towel,3,£7.00,£2.34 each,,New
939401,Red Bull Tropical Edition,G,false,360,https://ecom-su-static-prod.wtrecom.com/images/products/3/LN_939401_BP_3.jpg,https://www.waitrose.com/ecom/products/red-bull-tropical-edition/939401-827545-827546,Red Bull Tropical Edition,4x250ml,£5.50,55p/100ml,,New
938951,Korres Pure Greek Olive Sea Salt Body Cream,G,false,361,https://ecom-su-static-prod.wtrecom.com/images/products/3/LN_938951_BP_3.jpg,https://www.waitrose.com/ecom/products/korres-pure-greek-olive-sea-salt-body-cream/938951-825692-825693,Korres Pure Greek Olive Sea Salt Body Cream,200ml,£17.00,£8.50/100ml,,New
938396,Coca-Cola Original Taste Lemon,G,false,362,https://ecom-su-static-prod.wtrecom.com/images/products/3/LN_938396_BP_3.jpg,https://www.waitrose.com/ecom/products/coca-cola-original-taste-lemon/938396-827543-827544,Coca-Cola Original Taste Lemon,8x330ml,£5.20,0.1p/100ml,,New
937649,Neal's Yard Aromatic Bath Salts,G,false,363,https://ecom-su-static-prod.wtrecom.com/images/products/3/LN_937649_BP_3.jpg,https://www.waitrose.com/ecom/products/neals-yard-aromatic-bath-salts/937649-825688-825689,Neal's Yard Aromatic Bath Salts,250g,£17.00,£6.80/100g,,New
937519,Gü Frozen Clotted Cream & Chocolate Crunch Sundae,G,false,364,https://ecom-su-static-prod.wtrecom.com/images/products/3/LN_937519_BP_3.jpg,https://www.waitrose.com/ecom/products/gu-frozen-clotted-cream-chocolate-crunch-sundae/937519-827150-827151,Gü Frozen Clotted Cream & Chocolate Crunch Sundae,4x73.5g,£6.00,£20.41/kg,,New
936679,Korres Pure Greek Olive Sea Salt Shower Gel,G,false,365,https://ecom-su-static-prod.wtrecom.com/images/products/3/LN_936679_BP_3.jpg,https://www.waitrose.com/ecom/products/korres-pure-greek-olive-sea-salt-shower-gel/936679-825686-825687,Korres Pure Greek Olive Sea Salt Shower Gel,250ml,£14.00,£5.60/100ml,,New
936303,Baylis & Harding EDIT Twilight Amber Hand Wash,G,false,366,https://ecom-su-static-prod.wtrecom.com/images/products/3/LN_936303_BP_3.jpg,https://www.waitrose.com/ecom/products/baylis-harding-edit-twilight-amber-hand-wash/936303-825684-825685,Baylis & Harding EDIT Twilight Amber Hand Wash,400ml,£4.00,£1/100ml,,New
935680,Aqua Libra Blood Orange & Mango Sparkling Water,G,false,367,https://ecom-su-static-prod.wtrecom.com/images/products/3/LN_935680_BP_3.jpg,https://www.waitrose.com/ecom/products/aqua-libra-blood-orange-mango-sparkling-water/935680-827539-827540,Aqua Libra Blood Orange & Mango Sparkling Water,4x330ml,£3.50,26.5p/100ml,,New
935096,Dr Squatch Wood Barrel Bourbon Deodorant,G,false,368,https://ecom-su-static-prod.wtrecom.com/images/products/3/LN_935096_BP_3.jpg,https://www.waitrose.com/ecom/products/dr-squatch-wood-barrel-bourbon-deodorant/935096-826266-826267,Dr Squatch Wood Barrel Bourbon Deodorant,75g,£12.99,,,New
933000,Cushelle Original Toilet Rolls 6 Mega Rolls 50% More Sheet,G,false,369,https://ecom-su-static-prod.wtrecom.com/images/products/3/LN_933000_BP_3.jpg,https://www.waitrose.com/ecom/products/cushelle-original-toilet-rolls-6-mega-rolls-50-more-sheet/933000-827537-827538,Cushelle Original Toilet Rolls 6 Mega Rolls 50% More Sheet,1620Sheet,£6.25,38.6p/100 sheets,,New
932505,Dairylea Dunkers Ritz,G,true,370,https://ecom-su-static-prod.wtrecom.com/images/products/3/LN_932505_BP_3.jpg,https://www.waitrose.com/ecom/products/dairylea-dunkers-ritz/932505-827960-827961,Dairylea Dunkers Ritz,3x43g,£1.76,£13.65/kg,Introductory Offer.Will be £2.35,New
931725,Lizi's Granola Gluten Free Nuts & Seeds,G,false,371,https://ecom-su-static-prod.wtrecom.com/images/products/3/LN_931725_BP_3.jpg,https://www.waitrose.com/ecom/products/lizis-granola-gluten-free-nuts-seeds/931725-826808-826809,Lizi's Granola Gluten Free Nuts & Seeds,,£3.30,,,New
931639,Waitrose Tangerine Box,G,false,372,https://ecom-su-static-prod.wtrecom.com/images/products/3/LN_931639_BP_3.jpg,https://www.waitrose.com/ecom/products/waitrose-tangerine-box/931639-827958-827959,Waitrose Tangerine Box,1Kg,£3.70,£3.70/kg,,New
931527,Monster Energy Zero Sugar,G,true,373,https://ecom-su-static-prod.wtrecom.com/images/products/3/LN_931527_BP_3.jpg,https://www.waitrose.com/ecom/products/monster-energy-zero-sugar/931527-827533-827534,Monster Energy Zero Sugar,4x500ml,£4.50,0.1p/100ml,save £1.00. Was £5.50,New
930802,Neal's Yard Organic Travel Kit,G,true,374,https://ecom-su-static-prod.wtrecom.com/images/products/3/LN_930802_BP_3.jpg,https://www.waitrose.com/ecom/products/neals-yard-organic-travel-kit/930802-827412-827413,Neal's Yard Organic Travel Kit,0.366Kg,£27.00,,Introductory Offer.Will be £36.00,New
930644,ManCave Aloe + Pine Shower Gel,G,false,375,https://ecom-su-static-prod.wtrecom.com/images/products/3/LN_930644_BP_3.jpg,https://www.waitrose.com/ecom/products/mancave-aloe-pine-shower-gel/930644-826262-826263,ManCave Aloe + Pine Shower Gel,200ml,£5.50,£2.75/100ml,,New
929852,Renshaw Just Roll With It Lincoln Green Fondant Icing,G,false,376,https://ecom-su-static-prod.wtrecom.com/images/products/3/LN_929852_BP_3.jpg,https://www.waitrose.com/ecom/products/renshaw-just-roll-with-it-lincoln-green-fondant-icing/929852-827148-827149,Renshaw Just Roll With It Lincoln Green Fondant Icing,250g,£2.50,£10/kg,,New
929321,Someone Else's Shoes,G,false,377,https://ecom-su-static-prod.wtrecom.com/images/products/3/LN_929321_BP_3.jpg,https://www.waitrose.com/ecom/products/someone-elses-shoes/929321-824676-824677,Someone Else's Shoes,each,£6.99,£6.99 each,,New
928882,Nando's Peri-BBQ Sauce,G,false,378,https://ecom-su-static-prod.wtrecom.com/images/products/3/LN_928882_BP_3.jpg,https://www.waitrose.com/ecom/products/nandos-peri-bbq-sauce/928882-826806-826807,Nando's Peri-BBQ Sauce,275g,£2.65,96.4p/100g,,New
928575,BRLO Pale Ale,G,true,379,https://ecom-su-static-prod.wtrecom.com/images/products/3/LN_928575_BP_3.jpg,https://www.waitrose.com/ecom/products/brlo-pale-ale/928575-826258-826259,BRLO Pale Ale,330ml,£2.00,£6.07/litre,save 50p. Was £2.50,New
928167,Unearthed 2 Basque Cheesecakes,G,false,380,https://ecom-su-static-prod.wtrecom.com/images/products/3/LN_928167_BP_3.jpg,https://www.waitrose.com/ecom/products/unearthed-2-basque-cheesecakes/928167-827146-827147,Unearthed 2 Basque Cheesecakes,200g,£5.00,£2.50/100g,,New
927654,"James White Organic Grape, Apple, Apricot & Cucumber Juice",G,true,381,https://ecom-su-static-prod.wtrecom.com/images/products/3/LN_927654_BP_3.jpg,https://www.waitrose.com/ecom/products/james-white-organic-grape-apple-apricot-cucumber-juice/927654-827529-827530,"James White Organic Grape, Apple, Apricot & Cucumber Juice",3x200ml,£1.25,20.8p/100ml,Introductory Offer.Will be £2.50,New
923886,Unearthed Nocellara & Leccino Olives,G,true,382,https://ecom-su-static-prod.wtrecom.com/images/products/3/LN_923886_BP_3.jpg,https://www.waitrose.com/ecom/products/unearthed-nocellara-leccino-olives/923886-827242-827243,Unearthed Nocellara & Leccino Olives,140g,£2.73,£1.95/100g,Introductory Offer.Will be £3.65,New
923755,The Real Cure Pink Peppercorn & Cider Salami,G,true,383,https://ecom-su-static-prod.wtrecom.com/images/products/3/LN_923755_BP_3.jpg,https://www.waitrose.com/ecom/products/the-real-cure-pink-peppercorn-cider-salami/923755-827240-827241,The Real Cure Pink Peppercorn & Cider Salami,55g,£3.37,£6.13/100g,Introductory Offer.Will be £4.50,New
923290,Northern Monk Fruit Twist IPA,G,true,384,https://ecom-su-static-prod.wtrecom.com/images/products/3/LN_923290_BP_3.jpg,https://www.waitrose.com/ecom/products/northern-monk-fruit-twist-ipa/923290-826256-826257,Northern Monk Fruit Twist IPA,440ml,£3.50,£7.96/litre,Mix & Match Add 5 for 4 Cheapest Item Free,New
923255,Monster Juiced Bad Apple,G,true,385,https://ecom-su-static-prod.wtrecom.com/images/products/3/LN_923255_BP_3.jpg,https://www.waitrose.com/ecom/products/monster-juiced-bad-apple/923255-827525-827526,Monster Juiced Bad Apple,4x500ml,£5.00,0.1p/100ml,save 95p. Was £5.95,New
923162,Bakers Meaty Meals Small Dog Beef Dry Dog Food,G,false,386,https://ecom-su-static-prod.wtrecom.com/images/products/3/LN_923162_BP_3.jpg,https://www.waitrose.com/ecom/products/bakers-meaty-meals-small-dog-beef-dry-dog-food/923162-824968-824969,Bakers Meaty Meals Small Dog Beef Dry Dog Food,1Kg,£4.60,£4.60/kg,,New
922482,Sanctuary Spa Signature Collection Body Butter,G,true,387,https://ecom-su-static-prod.wtrecom.com/images/products/3/LN_922482_BP_3.jpg,https://www.waitrose.com/ecom/products/sanctuary-spa-signature-collection-body-butter/922482-825650-825651,Sanctuary Spa Signature Collection Body Butter,300ml,£8.33,£2.78/100ml,Save 1/3. Was £12.50,New
922449,Rhythm 108 Vegan Hazelnut Truffle With M*lk Chocolate,G,false,388,https://ecom-su-static-prod.wtrecom.com/images/products/3/LN_922449_BP_3.jpg,https://www.waitrose.com/ecom/products/rhythm-108-vegan-hazelnut-truffle-with-mlk-chocolate/922449-826804-826805,Rhythm 108 Vegan Hazelnut Truffle With M*lk Chocolate,100g,£3.60,£3.60/100g,,New
921649,Cadbury Dairy Milk Chocolate 200 Years Limited Edition,G,false,389,https://ecom-su-static-prod.wtrecom.com/images/products/3/LN_921649_BP_3.jpg,https://www.waitrose.com/ecom/products/cadbury-dairy-milk-chocolate-200-years-limited-edition/921649-828024-828025,Cadbury Dairy Milk Chocolate 200 Years Limited Edition,360g,£4.50,£1.25/100g,,New
921346,Dr. Oetker Old School Cake Mix Chocolate,G,false,390,https://ecom-su-static-prod.wtrecom.com/images/products/3/LN_921346_BP_3.jpg,https://www.waitrose.com/ecom/products/dr-oetker-old-school-cake-mix-chocolate/921346-827144-827145,Dr. Oetker Old School Cake Mix Chocolate,436g,£3.00,£6.89/kg,,New
920906,Wild Cherry Blossom deo refill,G,false,391,https://ecom-su-static-prod.wtrecom.com/images/products/3/LN_920906_BP_3.jpg,https://www.waitrose.com/ecom/products/wild-cherry-blossom-deo-refill/920906-826802-826803,Wild Cherry Blossom deo refill,40g,£6.00,£15/100g,,New
920601,Brian The Lion Who Learned,G,false,392,https://ecom-su-static-prod.wtrecom.com/images/products/3/LN_920601_BP_3.jpg,https://www.waitrose.com/ecom/products/brian-the-lion-who-learned/920601-824670-824671,Brian The Lion Who Learned,1Each,£5.99,£5.99 each,,New
919237,Bionsen 0% Aluminum Mineral Active Roll on,G,false,393,https://ecom-su-static-prod.wtrecom.com/images/products/3/LN_919237_BP_3.jpg,https://www.waitrose.com/ecom/products/bionsen-0-aluminum-mineral-active-roll-on/919237-826800-826801,Bionsen 0% Aluminum Mineral Active Roll on,50ml,£3.15,£6.30/100ml,,New
918576,PEDIGREE Jumbone Medium Dog Treats with Beef & Poultry,G,false,394,https://ecom-su-static-prod.wtrecom.com/images/products/3/LN_918576_BP_3.jpg,https://www.waitrose.com/ecom/products/pedigree-jumbone-medium-dog-treats-with-beef-poultry/918576-824966-824967,PEDIGREE Jumbone Medium Dog Treats with Beef & Poultry,180g,£1.50,£8.34/kg,,New
918260,Nu: Mail Pack of 3 Medium Padded Envelopes,G,false,395,https://ecom-su-static-prod.wtrecom.com/images/products/3/LN_918260_BP_3.jpg,https://www.waitrose.com/ecom/products/nu-mail-pack-of-3-medium-padded-envelopes/918260-827523-827524,Nu: Mail Pack of 3 Medium Padded Envelopes,3x1Each,£2.75,91.7p each,,New
917335,Rock Face SPF 20 Moisturiser,G,true,396,https://ecom-su-static-prod.wtrecom.com/images/products/3/LN_917335_BP_3.jpg,https://www.waitrose.com/ecom/products/rock-face-spf-20-moisturiser/917335-826252-826253,Rock Face SPF 20 Moisturiser,100ml,£5.00,£5/100ml,Save 1/3. Was £7.50,New
916972,Eco Soul Compostable Hot Cups,G,false,397,https://ecom-su-static-prod.wtrecom.com/images/products/3/LN_916972_BP_3.jpg,https://www.waitrose.com/ecom/products/eco-soul-compostable-hot-cups/916972-826250-826251,Eco Soul Compostable Hot Cups,10Each,£3.50,35p each,,New
916440,Palmolive Naturals Milk & Honey Shower Gel,G,false,398,https://ecom-su-static-prod.wtrecom.com/images/products/3/LN_916440_BP_3.jpg,https://www.waitrose.com/ecom/products/palmolive-naturals-milk-honey-shower-gel/916440-825636-825637,Palmolive Naturals Milk & Honey Shower Gel,500ml,£2.25,45p/100ml,,New
916155,Red Bull Sugar Free Coconut Edition,G,false,399,https://ecom-su-static-prod.wtrecom.com/images/products/3/LN_916155_BP_3.jpg,https://www.waitrose.com/ecom/products/red-bull-sugar-free-coconut-edition/916155-827521-827522,Red Bull Sugar Free Coconut Edition,4x250ml,£5.25,52.5p/100ml,,New
915631,Wild Pink Case and Cherry Blossom Deodorant Kit,G,false,400,https://ecom-su-static-prod.wtrecom.com/images/products/3/LN_915631_BP_3.jpg,https://www.waitrose.com/ecom/products/wild-pink-case-and-cherry-blossom-deodorant-kit/915631-826796-826797,Wild Pink Case and Cherry Blossom Deodorant Kit,40g,£13.00,£32.50/100g,,New
915478,Aveeno Kids Face & Body Lotion,G,false,401,https://ecom-su-static-prod.wtrecom.com/images/products/3/LN_915478_BP_3.jpg,https://www.waitrose.com/ecom/products/aveeno-kids-face-body-lotion/915478-826248-826249,Aveeno Kids Face & Body Lotion,150ml,£6.50,£4.34/100ml,,New
915422,Veet for Men Hair Removal Cream,G,true,402,https://ecom-su-static-prod.wtrecom.com/images/products/3/LN_915422_BP_3.jpg,https://www.waitrose.com/ecom/products/veet-for-men-hair-removal-cream/915422-826246-826247,Veet for Men Hair Removal Cream,200ml,£5.70,£2.85/100ml,Save 1/3. Was £8.59,New
915214,10 Mins to Bed Where's Little Dinosaur,G,false,403,https://ecom-su-static-prod.wtrecom.com/images/products/3/LN_915214_BP_3.jpg,https://www.waitrose.com/ecom/products/10-mins-to-bed-wheres-little-dinosaur/915214-824299-824300,10 Mins to Bed Where's Little Dinosaur,1Each,£5.99,£5.99 each,,New
914491,BRLO Helles Lager,G,true,404,https://ecom-su-static-prod.wtrecom.com/images/products/3/LN_914491_BP_3.jpg,https://www.waitrose.com/ecom/products/brlo-helles-lager/914491-826244-826245,BRLO Helles Lager,330ml,£2.00,£6.07/litre,save 50p. Was £2.50,New
914024,Neal's Yard Lavender Bath Salts,G,false,405,https://ecom-su-static-prod.wtrecom.com/images/products/3/LN_914024_BP_3.jpg,https://www.waitrose.com/ecom/products/neals-yard-lavender-bath-salts/914024-825632-825633,Neal's Yard Lavender Bath Salts,250g,£17.00,£6.80/100g,,New
913937,Andrex Complete Clean Toilet Tissue MEGA Roll 6 Rolls,G,false,406,https://ecom-su-static-prod.wtrecom.com/images/products/3/LN_913937_BP_3.jpg,https://www.waitrose.com/ecom/products/andrex-complete-clean-toilet-tissue-mega-roll-6-rolls/913937-827515-827516,Andrex Complete Clean Toilet Tissue MEGA Roll 6 Rolls,1740Sheet,£6.25,35.9p/100 sheets,,New
913112,"Gillette Fusion 5, 11 Razor Blade Refills",G,true,407,https://ecom-su-static-prod.wtrecom.com/images/products/3/LN_913112_BP_3.jpg,https://www.waitrose.com/ecom/products/gillette-fusion-5-11-razor-blade-refills/913112-826242-826243,"Gillette Fusion 5, 11 Razor Blade Refills",11Each,£21.99,£2 each,save £5.00. Was £26.99,New
912431,TRIP Mindful Blend Cucumber Mint,G,false,408,https://ecom-su-static-prod.wtrecom.com/images/products/3/LN_912431_BP_3.jpg,https://www.waitrose.com/ecom/products/trip-mindful-blend-cucumber-mint/912431-827513-827514,TRIP Mindful Blend Cucumber Mint,4x250ml,£6.50,65p/100ml,,New
912107,Double-Barrelled Parka Pale Ale,G,true,409,https://ecom-su-static-prod.wtrecom.com/images/products/3/LN_912107_BP_3.jpg,https://www.waitrose.com/ecom/products/double-barrelled-parka-pale-ale/912107-826240-826241,Double-Barrelled Parka Pale Ale,440ml,£3.00,£6.82/litre,Mix & Match Add 5 for 4 Cheapest Item Free,New
911828,Where's Mog?,G,false,410,https://ecom-su-static-prod.wtrecom.com/images/products/3/LN_911828_BP_3.jpg,https://www.waitrose.com/ecom/products/wheres-mog/911828-825984-825985,Where's Mog?,1Each,£5.99,£5.99 each,,New
911772,Magic Rock Botanicalist,G,true,411,https://ecom-su-static-prod.wtrecom.com/images/products/3/LN_911772_BP_3.jpg,https://www.waitrose.com/ecom/products/magic-rock-botanicalist/911772-826238-826239,Magic Rock Botanicalist,440ml,£3.50,£7.96/litre,Mix & Match Add 5 for 4 Cheapest Item Free,New
911713,Baylis & Harding EDIT Twilight Amber Body Wash,G,false,412,https://ecom-su-static-prod.wtrecom.com/images/products/3/LN_911713_BP_3.jpg,https://www.waitrose.com/ecom/products/baylis-harding-edit-twilight-amber-body-wash/911713-825624-825625,Baylis & Harding EDIT Twilight Amber Body Wash,400ml,£4.00,£1/100ml,,New
911437,ManCave Nordic Spa Shower Gel,G,false,413,https://ecom-su-static-prod.wtrecom.com/images/products/3/LN_911437_BP_3.jpg,https://www.waitrose.com/ecom/products/mancave-nordic-spa-shower-gel/911437-826236-826237,ManCave Nordic Spa Shower Gel,200ml,£5.50,£2.75/100ml,,New
910923,Red Bull Sugar Free,G,false,414,https://ecom-su-static-prod.wtrecom.com/images/products/3/LN_910923_BP_3.jpg,https://www.waitrose.com/ecom/products/red-bull-sugar-free/910923-827511-827512,Red Bull Sugar Free,12x250ml,£13.50,45p/100ml,,New
910871,Rhythm 108 Vegan Roasted Almond Butter With M*lk Chocolate,G,false,415,https://ecom-su-static-prod.wtrecom.com/images/products/3/LN_910871_BP_3.jpg,https://www.waitrose.com/ecom/products/rhythm-108-vegan-roasted-almond-butter-with-mlk-chocolate/910871-826790-826791,Rhythm 108 Vegan Roasted Almond Butter With M*lk Chocolate,100g,£3.60,£3.60/100g,,New
910868,Capri-Sun Zero Jungle Drink,G,false,416,https://ecom-su-static-prod.wtrecom.com/images/products/3/LN_910868_BP_3.jpg,https://www.waitrose.com/ecom/products/capri-sun-zero-jungle-drink/910868-827509-827510,Capri-Sun Zero Jungle Drink,8x200ml,£3.35,20.9p/100ml,,New
910062,Red Bull Red Edition,G,false,417,https://ecom-su-static-prod.wtrecom.com/images/products/3/LN_910062_BP_3.jpg,https://www.waitrose.com/ecom/products/red-bull-red-edition/910062-827507-827508,Red Bull Red Edition,4x250ml,£5.50,55p/100ml,,New
909607,LifeJacket Face Cleansing Bar,G,false,418,https://ecom-su-static-prod.wtrecom.com/images/products/3/LN_909607_BP_3.jpg,https://www.waitrose.com/ecom/products/lifejacket-face-cleansing-bar/909607-826234-826235,LifeJacket Face Cleansing Bar,50g,£8.50,£17/100g,,New
909146,Cherry Good Juice Drink,G,false,419,https://ecom-su-static-prod.wtrecom.com/images/products/3/LN_909146_BP_3.jpg,https://www.waitrose.com/ecom/products/cherry-good-juice-drink/909146-827501-827502,Cherry Good Juice Drink,1litre,£2.00,20p/100ml,,New
908245,The Coconut Collab Plant Based Natural Coconut Yoghurt,G,false,420,https://ecom-su-static-prod.wtrecom.com/images/products/3/LN_908245_BP_3.jpg,https://www.waitrose.com/ecom/products/the-coconut-collab-plant-based-natural-coconut-yoghurt/908245-827344-827345,The Coconut Collab Plant Based Natural Coconut Yoghurt,750g,£4.95,,,New
906897,Gü Frozen Double Salted Caramel & Mascarpone Sundae,G,false,421,https://ecom-su-static-prod.wtrecom.com/images/products/3/LN_906897_BP_3.jpg,https://www.waitrose.com/ecom/products/gu-frozen-double-salted-caramel-mascarpone-sundae/906897-827140-827141,Gü Frozen Double Salted Caramel & Mascarpone Sundae,4x85g,£6.00,£17.65/kg,,New
906781,Baylis & Harding Royale Garden Verbena Body Wash,G,true,422,https://ecom-su-static-prod.wtrecom.com/images/products/3/LN_906781_BP_3.jpg,https://www.waitrose.com/ecom/products/baylis-harding-royale-garden-verbena-body-wash/906781-825618-825619,Baylis & Harding Royale Garden Verbena Body Wash,500ml,£2.25,45p/100ml,25% Off. Was £3.00,New
906228,Aveeno Kids Bubble Bath & Wash,G,false,423,https://ecom-su-static-prod.wtrecom.com/images/products/3/LN_906228_BP_3.jpg,https://www.waitrose.com/ecom/products/aveeno-kids-bubble-bath-wash/906228-826232-826233,Aveeno Kids Bubble Bath & Wash,250ml,£6.50,£2.60/100ml,,New
905516,Pukka Recycled Black Lever Arch A4,G,false,424,https://ecom-su-static-prod.wtrecom.com/images/products/3/LN_905516_BP_3.jpg,https://www.waitrose.com/ecom/products/pukka-recycled-black-lever-arch-a4/905516-827499-827500,Pukka Recycled Black Lever Arch A4,1 each,£3.50,£3.50 each,,New
905332,Toast New Dawn Session IPA,G,false,425,https://ecom-su-static-prod.wtrecom.com/images/products/3/LN_905332_BP_3.jpg,https://www.waitrose.com/ecom/products/toast-new-dawn-session-ipa/905332-826230-826231,Toast New Dawn Session IPA,330ml,£2.15,£6.52/litre,,New
905226,Sanex BiomeProtect Micellar Soothing Shower Gel,G,true,426,https://ecom-su-static-prod.wtrecom.com/images/products/3/LN_905226_BP_3.jpg,https://www.waitrose.com/ecom/products/sanex-biomeprotect-micellar-soothing-shower-gel/905226-825616-825617,Sanex BiomeProtect Micellar Soothing Shower Gel,450ml,£3.00,66.7p/100ml,Save 1/3. Was £4.50,New
904970,Northern Monk Faith in Futures X Amy Hastings,G,true,427,https://ecom-su-static-prod.wtrecom.com/images/products/3/LN_904970_BP_3.jpg,https://www.waitrose.com/ecom/products/northern-monk-faith-in-futures-x-amy-hastings/904970-826228-826229,Northern Monk Faith in Futures X Amy Hastings,440ml,£3.75,£8.53/litre,Mix & Match Add 5 for 4 Cheapest Item Free,New
903855,Hey Duggee: Duggee's Jigsaw Book,G,false,428,https://ecom-su-static-prod.wtrecom.com/images/products/3/LN_903855_BP_3.jpg,https://www.waitrose.com/ecom/products/hey-duggee-duggees-jigsaw-book/903855-826568-826569,Hey Duggee: Duggee's Jigsaw Book,1Each,£5.99,£5.99 each,,New
903035,Baylis & Harding Goodness Sleep Bath Salts,G,false,429,https://ecom-su-static-prod.wtrecom.com/images/products/3/LN_903035_BP_3.jpg,https://www.waitrose.com/ecom/products/baylis-harding-goodness-sleep-bath-salts/903035-825612-825613,Baylis & Harding Goodness Sleep Bath Salts,1Kg,£7.00,70p/100g,,New
902858,Korres Greek Olive Blossom Shower Gel,G,false,430,https://ecom-su-static-prod.wtrecom.com/images/products/3/LN_902858_BP_3.jpg,https://www.waitrose.com/ecom/products/korres-greek-olive-blossom-shower-gel/902858-825610-825611,Korres Greek Olive Blossom Shower Gel,250ml,£14.00,£5.60/100ml,,New
902598,Dove Anti Stress Advanced Body Wash Chamomile & Oat Milk,G,true,431,https://ecom-su-static-prod.wtrecom.com/images/products/3/LN_902598_BP_3.jpg,https://www.waitrose.com/ecom/products/dove-anti-stress-advanced-body-wash-chamomile-oat-milk/902598-825608-825609,Dove Anti Stress Advanced Body Wash Chamomile & Oat Milk,400ml,£3.00,75p/100ml,Save 1/3. Was £4.50,New
902249,Rock Face Refined Deodorant Body Spray,G,false,432,https://ecom-su-static-prod.wtrecom.com/images/products/3/LN_902249_BP_3.jpg,https://www.waitrose.com/ecom/products/rock-face-refined-deodorant-body-spray/902249-826224-826225,Rock Face Refined Deodorant Body Spray,200ml,£3.75,£1.88/100ml,,New
900842,Wildfarmed Plain Flour,G,false,433,https://ecom-su-static-prod.wtrecom.com/images/products/3/LN_900842_BP_3.jpg,https://www.waitrose.com/ecom/products/wildfarmed-plain-flour/900842-827138-827139,Wildfarmed Plain Flour,1Kg,£2.50,£2.50/kg,,New
900833,Rachel Ellen Magical Fairyland Sticker Scene,G,false,434,https://ecom-su-static-prod.wtrecom.com/images/products/3/LN_900833_BP_3.jpg,https://www.waitrose.com/ecom/products/rachel-ellen-magical-fairyland-sticker-scene/900833-825604-825605,Rachel Ellen Magical Fairyland Sticker Scene,each,£6.00,£6 each,,New
900768,Helix Oxford Clear Folding Ruler 30cm,G,false,435,https://ecom-su-static-prod.wtrecom.com/images/products/3/LN_900768_BP_3.jpg,https://www.waitrose.com/ecom/products/helix-oxford-clear-folding-ruler-30cm/900768-827495-827496,Helix Oxford Clear Folding Ruler 30cm,1Each,£2.50,£2.50 each,,New
900403,DASH Grapefruit Infused Sparkling Water,G,true,436,https://ecom-su-static-prod.wtrecom.com/images/products/3/LN_900403_BP_3.jpg,https://www.waitrose.com/ecom/products/dash-grapefruit-infused-sparkling-water/900403-827493-827494,DASH Grapefruit Infused Sparkling Water,4x330ml,£4.70,35.6p/100ml,Add 2 for £5.50,New
897943,Olay SPF 30 Total Effects Normal UV Day Face Cream,G,false,437,https://ecom-su-static-prod.wtrecom.com/images/products/3/LN_897943_BP_3.jpg,https://www.waitrose.com/ecom/products/olay-spf-30-total-effects-normal-uv-day-face-cream/897943-824962-824963,Olay SPF 30 Total Effects Normal UV Day Face Cream,50ml,£16.50,£33/100ml,,New
896727,Ecover Non Bio Laundry Capsules 34W,G,true,438,https://ecom-su-static-prod.wtrecom.com/images/products/3/LN_896727_BP_3.jpg,https://www.waitrose.com/ecom/products/ecover-non-bio-laundry-capsules-34w/896727-825944-825945,Ecover Non Bio Laundry Capsules 34W,34each,£10.00,29.4p each,save £1.50. Was £11.50,New
896377,Veet for Men Intimate,G,true,439,https://ecom-su-static-prod.wtrecom.com/images/products/3/LN_896377_BP_3.jpg,https://www.waitrose.com/ecom/products/veet-for-men-intimate/896377-826222-826223,Veet for Men Intimate,150ml,£6.99,£4.66/100ml,Save 1/3. Was £10.49,New
895610,Hellmann's Plant Based Mayo,G,false,440,https://ecom-su-static-prod.wtrecom.com/images/products/3/LN_895610_BP_3.jpg,https://www.waitrose.com/ecom/products/hellmanns-plant-based-mayo/895610-826782-826783,Hellmann's Plant Based Mayo,430ml,£3.40,79.1p/100ml,,New
894777,Vocation Brewery Crush Hour,G,false,441,https://ecom-su-static-prod.wtrecom.com/images/products/3/LN_894777_BP_3.jpg,https://www.waitrose.com/ecom/products/vocation-brewery-crush-hour/894777-826218-826219,Vocation Brewery Crush Hour,4x330ml,£6.50,£4.93/litre,,New
894733,Stella Artois Alcohol Free,G,true,442,https://ecom-su-static-prod.wtrecom.com/images/products/3/LN_894733_BP_3.jpg,https://www.waitrose.com/ecom/products/stella-artois-alcohol-free/894733-827136-827137,Stella Artois Alcohol Free,4x330ml,£4.00,£3.04/litre,save 50p. Was £4.50,New
894327,Vault City Peach Ice Tea,G,true,443,https://ecom-su-static-prod.wtrecom.com/images/products/3/LN_894327_BP_3.jpg,https://www.waitrose.com/ecom/products/vault-city-peach-ice-tea/894327-826216-826217,Vault City Peach Ice Tea,440ml,£2.50,£5.69/litre,Mix & Match Add 5 for 4 Cheapest Item Free,New
889329,Nip+Fab Hydrate Hyaluronic Fix Gel Cream 2%,G,true,444,https://ecom-su-static-prod.wtrecom.com/images/products/3/LN_889329_BP_3.jpg,https://www.waitrose.com/ecom/products/nipfab-hydrate-hyaluronic-fix-gel-cream-2/889329-824960-824961,Nip+Fab Hydrate Hyaluronic Fix Gel Cream 2%,50ml,£17.33,£3.47/10ml,Save 1/3. Was £26.00,New
887262,Weleda Skin Food Nourishing Night Cream,G,false,445,https://ecom-su-static-prod.wtrecom.com/images/products/3/LN_887262_BP_3.jpg,https://www.waitrose.com/ecom/products/weleda-skin-food-nourishing-night-cream/887262-824958-824959,Weleda Skin Food Nourishing Night Cream,40ml,£15.00,£37.50/100ml,,New
886246,Encona Mexican Jalapeno Chilli Jam,G,false,446,https://ecom-su-static-prod.wtrecom.com/images/products/3/LN_886246_BP_3.jpg,https://www.waitrose.com/ecom/products/encona-mexican-jalapeno-chilli-jam/886246-826780-826781,Encona Mexican Jalapeno Chilli Jam,285ml,£2.00,70.2p/100ml,,New
886105,And Union Saturday Unfiltered Lager,G,true,447,https://ecom-su-static-prod.wtrecom.com/images/products/3/LN_886105_BP_3.jpg,https://www.waitrose.com/ecom/products/and-union-saturday-unfiltered-lager/886105-826214-826215,And Union Saturday Unfiltered Lager,330ml,£1.85,£5.61/litre,Add 3 for £5,New
886025,Milton Baby Bottle Cleaner,G,true,448,https://ecom-su-static-prod.wtrecom.com/images/products/3/LN_886025_BP_3.jpg,https://www.waitrose.com/ecom/products/milton-baby-bottle-cleaner/886025-826212-826213,Milton Baby Bottle Cleaner,500ml,£3.80,76p/100ml,New Line,New
885933,Persil Wonder Wash Bio Ultra Care Liquid 31W,G,false,449,https://ecom-su-static-prod.wtrecom.com/images/products/3/LN_885933_BP_3.jpg,https://www.waitrose.com/ecom/products/persil-wonder-wash-bio-ultra-care-liquid-31w/885933-825940-825941,Persil Wonder Wash Bio Ultra Care Liquid 31W,837ml,£7.00,£8.37/litre,,New
884809,Brooklyn Stonewall IPA Cans,G,false,450,https://ecom-su-static-prod.wtrecom.com/images/products/3/LN_884809_BP_3.jpg,https://www.waitrose.com/ecom/products/brooklyn-stonewall-ipa-cans/884809-826210-826211,Brooklyn Stonewall IPA Cans,4x330ml,£7.00,£5.31/litre,,New
883752,Beavertown Bloody ' Ell,G,true,451,https://ecom-su-static-prod.wtrecom.com/images/products/3/LN_883752_BP_3.jpg,https://www.waitrose.com/ecom/products/beavertown-bloody-ell/883752-826208-826209,Beavertown Bloody ' Ell,440ml,£3.50,£7.96/litre,Mix & Match Add 5 for 4 Cheapest Item Free,New
883416,Fairy Max Power Washing Up Liquid Lemon,G,false,452,https://ecom-su-static-prod.wtrecom.com/images/products/3/LN_883416_BP_3.jpg,https://www.waitrose.com/ecom/products/fairy-max-power-washing-up-liquid-lemon/883416-825938-825939,Fairy Max Power Washing Up Liquid Lemon,640ml,£4.00,£6.25/litre,,New
881577,LOreal Bright Reveal UV Fluid,G,false,453,https://ecom-su-static-prod.wtrecom.com/images/products/3/LN_881577_BP_3.jpg,https://www.waitrose.com/ecom/products/loreal-bright-reveal-uv-fluid/881577-824956-824957,LOreal Bright Reveal UV Fluid,50ml,£20.00,£40/100ml,,New
880985,Waitrose Frozen French Custard Tart,G,false,454,https://ecom-su-static-prod.wtrecom.com/images/products/3/LN_880985_BP_3.jpg,https://www.waitrose.com/ecom/products/waitrose-frozen-french-custard-tart/880985-827134-827135,Waitrose Frozen French Custard Tart,410g,£5.50,£13.42/kg,,New
880840,L'Oreal Revitalift Clinical Anti-UV Fluid SPF50+,G,true,455,https://ecom-su-static-prod.wtrecom.com/images/products/3/LN_880840_BP_3.jpg,https://www.waitrose.com/ecom/products/loreal-revitalift-clinical-anti-uv-fluid-spf50/880840-824954-824955,L'Oreal Revitalift Clinical Anti-UV Fluid SPF50+,30ml,£10.00,£33.34/100ml,Half Price. Was £20.00,New
880440,Weleda Skin Food Nourishing Day Cream,G,false,456,https://ecom-su-static-prod.wtrecom.com/images/products/3/LN_880440_BP_3.jpg,https://www.waitrose.com/ecom/products/weleda-skin-food-nourishing-day-cream/880440-824952-824953,Weleda Skin Food Nourishing Day Cream,40ml,£15.00,£37.50/100ml,,New
877499,Ribena Strawberry No Added Sugar Squash,G,false,457,https://ecom-su-static-prod.wtrecom.com/images/products/3/LN_877499_BP_3.jpg,https://www.waitrose.com/ecom/products/ribena-strawberry-no-added-sugar-squash/877499-824950-824951,Ribena Strawberry No Added Sugar Squash,850ml,£2.25,26.5p/100ml,,New
877051,Waitrose Essentials Mega Roll 12 Pack,G,false,458,https://ecom-su-static-prod.wtrecom.com/images/products/3/LN_877051_BP_3.jpg,https://www.waitrose.com/ecom/products/waitrose-essentials-mega-roll-12-pack/877051-827489-827490,Waitrose Essentials Mega Roll 12 Pack,12x300sheets,£7.75,21.5p/100 sheets,,New
873483,Good Boy Pawsley Duck Twists,G,false,459,https://ecom-su-static-prod.wtrecom.com/images/products/3/LN_873483_BP_3.jpg,https://www.waitrose.com/ecom/products/good-boy-pawsley-duck-twists/873483-824948-824949,Good Boy Pawsley Duck Twists,320g,£9.35,£29.22/kg,,New
873275,Bisto Best Chicken Gravy Granules,G,false,460,https://ecom-su-static-prod.wtrecom.com/images/products/3/LN_873275_BP_3.jpg,https://www.waitrose.com/ecom/products/bisto-best-chicken-gravy-granules/873275-824946-824947,Bisto Best Chicken Gravy Granules,390g,£4.80,£1.24/100g,,New
871903,Neutrogen Clear & Defend Oil Free Moisuriser,G,true,461,https://ecom-su-static-prod.wtrecom.com/images/products/3/LN_871903_BP_3.jpg,https://www.waitrose.com/ecom/products/neutrogen-clear-defend-oil-free-moisuriser/871903-824944-824945,Neutrogen Clear & Defend Oil Free Moisuriser,50ml,£4.00,£8/100ml,Save 1/3. Was £6.00,New
871661,Bloom and Blossom Cheek to Cheek Gentle Baby Balm,G,false,462,https://ecom-su-static-prod.wtrecom.com/images/products/3/LN_871661_BP_3.jpg,https://www.waitrose.com/ecom/products/bloom-and-blossom-cheek-to-cheek-gentle-baby-balm/871661-826206-826207,Bloom and Blossom Cheek to Cheek Gentle Baby Balm,50ml,£12.00,£24/100ml,,New
870867,Garnier Vitamin C UV SPF50+ Invisible,G,true,463,https://ecom-su-static-prod.wtrecom.com/images/products/3/LN_870867_BP_3.jpg,https://www.waitrose.com/ecom/products/garnier-vitamin-c-uv-spf50-invisible/870867-824942-824943,Garnier Vitamin C UV SPF50+ Invisible,40ml,£8.66,£21.65/100ml,Save 1/3. Was £13.00,New
868247,Carte D'or Tiramisu Ice Cream Tub,G,true,464,https://ecom-su-static-prod.wtrecom.com/images/products/3/LN_868247_BP_3.jpg,https://www.waitrose.com/ecom/products/carte-dor-tiramisu-ice-cream-tub/868247-824422-824423,Carte D'or Tiramisu Ice Cream Tub,825ml,£3.50,42.4p/100ml,save £1.00. Was £4.50,New
868113,Shepherd Neame Whitstable Bay Black Stout,G,true,465,https://ecom-su-static-prod.wtrecom.com/images/products/3/LN_868113_BP_3.jpg,https://www.waitrose.com/ecom/products/shepherd-neame-whitstable-bay-black-stout/868113-826204-826205,Shepherd Neame Whitstable Bay Black Stout,500ml,£2.25,£4.50/litre,Add 4 for £7,New
867106,Dove Smoothing Care Body Lotion,G,true,466,https://ecom-su-static-prod.wtrecom.com/images/products/3/LN_867106_BP_3.jpg,https://www.waitrose.com/ecom/products/dove-smoothing-care-body-lotion/867106-824938-824939,Dove Smoothing Care Body Lotion,400ml,£4.00,£1/100ml,Save 1/3. Was £6.00,New
866999,Waitrose Essentials Mega Roll 6 Pack,G,false,467,https://ecom-su-static-prod.wtrecom.com/images/products/3/LN_866999_BP_3.jpg,https://www.waitrose.com/ecom/products/waitrose-essentials-mega-roll-6-pack/866999-827487-827488,Waitrose Essentials Mega Roll 6 Pack,6x300 sheets,£4.40,24.4p/100 sheets,,New
864857,Waitrose Pomegranate Dressing,G,false,468,https://ecom-su-static-prod.wtrecom.com/images/products/3/LN_864857_BP_3.jpg,https://www.waitrose.com/ecom/products/waitrose-pomegranate-dressing/864857-826778-826779,Waitrose Pomegranate Dressing,235ml,£2.20,93.6p/100ml,,New
864111,Lindt Classic Recipe Hazelnut,G,false,469,https://ecom-su-static-prod.wtrecom.com/images/products/3/LN_864111_BP_3.jpg,https://www.waitrose.com/ecom/products/lindt-classic-recipe-hazelnut/864111-825446-825447,Lindt Classic Recipe Hazelnut,190g,£3.25,£1.72/100g,,New
863629,Greene King Hazy Day IPA,G,false,470,https://ecom-su-static-prod.wtrecom.com/images/products/3/LN_863629_BP_3.jpg,https://www.waitrose.com/ecom/products/greene-king-hazy-day-ipa/863629-826200-826201,Greene King Hazy Day IPA,4x330ml,£6.25,£4.74/litre,,New
863193,Rowse Hot Honey,G,true,471,https://ecom-su-static-prod.wtrecom.com/images/products/3/LN_863193_BP_3.jpg,https://www.waitrose.com/ecom/products/rowse-hot-honey/863193-825936-825937,Rowse Hot Honey,340g,£2.00,58.8p/100g,save £1.15. Was £3.15,New
862064,Ella's Kitchen Organic Strawberry and Apple Melty Sticks,G,false,472,https://ecom-su-static-prod.wtrecom.com/images/products/3/LN_862064_BP_3.jpg,https://www.waitrose.com/ecom/products/ellas-kitchen-organic-strawberry-and-apple-melty-sticks/862064-826198-826199,Ella's Kitchen Organic Strawberry and Apple Melty Sticks,16g,£1.35,£8.44/100g,,New
861112,Monty Bojangles Persian Pink Cat Tin,G,true,473,https://ecom-su-static-prod.wtrecom.com/images/products/3/LN_861112_BP_3.jpg,https://www.waitrose.com/ecom/products/monty-bojangles-persian-pink-cat-tin/861112-825934-825935,Monty Bojangles Persian Pink Cat Tin,135g,£10.00,£7.41/100g,save £3.00. Was £13.00,New
858586,Ben & Jerrys Spectacu-love Caramel Cinnamon Ice Cream Tub,G,true,474,https://ecom-su-static-prod.wtrecom.com/images/products/3/LN_858586_BP_3.jpg,https://www.waitrose.com/ecom/products/ben-jerrys-spectacu-love-caramel-cinnamon-ice-cream-tub/858586-824416-824417,Ben & Jerrys Spectacu-love Caramel Cinnamon Ice Cream Tub,465ml,£3.75,80.6p/100ml,Save £1.75. Was £5.50,New
855762,Valdo Aquarius Sparkling Rosé NV,W,false,475,https://ecom-su-static-prod.wtrecom.com/images/products/3/LN_855762_BP_3.jpg,https://www.waitrose.com/ecom/products/valdo-aquarius-sparkling-rose-nv/855762-826196-826197,Valdo Aquarius Sparkling Rosé NV,75cl,£12.99,£12.99/75cl,,New
855541,Eco Warrior Mens Edit Shampoo Bar,G,false,476,https://ecom-su-static-prod.wtrecom.com/images/products/3/LN_855541_BP_3.jpg,https://www.waitrose.com/ecom/products/eco-warrior-mens-edit-shampoo-bar/855541-825592-825593,Eco Warrior Mens Edit Shampoo Bar,100g,£5.50,£5.50/100g,,New
853145,Comfort Heavenly Fresh Fabric Conditioner 38W,G,false,477,https://ecom-su-static-prod.wtrecom.com/images/products/3/LN_853145_BP_3.jpg,https://www.waitrose.com/ecom/products/comfort-heavenly-fresh-fabric-conditioner-38w/853145-825928-825929,Comfort Heavenly Fresh Fabric Conditioner 38W,570ml,£3.00,£5.27/litre,,New
853136,Delphis Eco Stain Remover,G,false,478,https://ecom-su-static-prod.wtrecom.com/images/products/3/LN_853136_BP_3.jpg,https://www.waitrose.com/ecom/products/delphis-eco-stain-remover/853136-825926-825927,Delphis Eco Stain Remover,350ml,£4.80,£13.72/litre,,New
852047,Dr Beckmann Magic Leaves Laundry Detergent Sheets Bio,G,false,479,https://ecom-su-static-prod.wtrecom.com/images/products/3/LN_852047_BP_3.jpg,https://www.waitrose.com/ecom/products/dr-beckmann-magic-leaves-laundry-detergent-sheets-bio/852047-825924-825925,Dr Beckmann Magic Leaves Laundry Detergent Sheets Bio,50Sheet,£8.00,,,New
849752,Kallo Organic Chicken Stock Pot,G,false,480,https://ecom-su-static-prod.wtrecom.com/images/products/3/LN_849752_BP_3.jpg,https://www.waitrose.com/ecom/products/kallo-organic-chicken-stock-pot/849752-824934-824935,Kallo Organic Chicken Stock Pot,4x24g,£2.50,£2.61/100g,,New
849621,Ritter Sport Fine Extra Dark Chocolate 70%,G,false,481,https://ecom-su-static-prod.wtrecom.com/images/products/3/LN_849621_BP_3.jpg,https://www.waitrose.com/ecom/products/ritter-sport-fine-extra-dark-chocolate-70/849621-825920-825921,Ritter Sport Fine Extra Dark Chocolate 70%,100g,£1.85,£1.85/100g,,New
849613,Comfort Fabric Conditioner Summer Bouquet 64w,G,true,482,https://ecom-su-static-prod.wtrecom.com/images/products/3/LN_849613_BP_3.jpg,https://www.waitrose.com/ecom/products/comfort-fabric-conditioner-summer-bouquet-64w/849613-825918-825919,Comfort Fabric Conditioner Summer Bouquet 64w,960ml,£4.00,£4.17/litre,20% Off. Was £5.00,New
845906,Cauldron Vegan Pumpkin Bakes,G,false,483,https://ecom-su-static-prod.wtrecom.com/images/products/3/LN_845906_BP_3.jpg,https://www.waitrose.com/ecom/products/cauldron-vegan-pumpkin-bakes/845906-825285-825286,Cauldron Vegan Pumpkin Bakes,200g,£2.80,£1.40/100g,,New
845681,Scrumbles Gnashers Dog Dental Sticks,G,false,484,https://ecom-su-static-prod.wtrecom.com/images/products/3/LN_845681_BP_3.jpg,https://www.waitrose.com/ecom/products/scrumbles-gnashers-dog-dental-sticks/845681-824932-824933,Scrumbles Gnashers Dog Dental Sticks,7Each,£3.65,52.1p each,,New
845571,Ella's Kitchen Organic Cheesey Jacket Potato With Beans,G,true,485,https://ecom-su-static-prod.wtrecom.com/images/products/3/LN_845571_BP_3.jpg,https://www.waitrose.com/ecom/products/ellas-kitchen-organic-cheesey-jacket-potato-with-beans/845571-826194-826195,Ella's Kitchen Organic Cheesey Jacket Potato With Beans,100g,£1.40,£1.40/100g,Add 3 for £3.75,New
845458,HiPP Organic Vegetable Cannelloni 15+Months,G,false,486,https://ecom-su-static-prod.wtrecom.com/images/products/3/LN_845458_BP_3.jpg,https://www.waitrose.com/ecom/products/hipp-organic-vegetable-cannelloni-15months/845458-826192-826193,HiPP Organic Vegetable Cannelloni 15+Months,250g,£2.50,£1/100g,,New
843345,Stylpro Organic Bamboo Face Cloths,G,true,487,https://ecom-su-static-prod.wtrecom.com/images/products/3/LN_843345_BP_3.jpg,https://www.waitrose.com/ecom/products/stylpro-organic-bamboo-face-cloths/843345-824930-824931,Stylpro Organic Bamboo Face Cloths,3x33g,£6.40,,save £1.60. Was £8.00,New
842247,Monty Bojangles Perfectly Creamy Milk Chocolate Bar,G,true,488,https://ecom-su-static-prod.wtrecom.com/images/products/3/LN_842247_BP_3.jpg,https://www.waitrose.com/ecom/products/monty-bojangles-perfectly-creamy-milk-chocolate-bar/842247-825916-825917,Monty Bojangles Perfectly Creamy Milk Chocolate Bar,150g,£2.50,£1.67/100g,save 50p. Was £3.00,New
841834,Fairy Platinum Non Bio Silk Tree Washing Liquid Gel 38W,G,false,489,https://ecom-su-static-prod.wtrecom.com/images/products/3/LN_841834_BP_3.jpg,https://www.waitrose.com/ecom/products/fairy-platinum-non-bio-silk-tree-washing-liquid-gel-38w/841834-825279-825280,Fairy Platinum Non Bio Silk Tree Washing Liquid Gel 38W,1254ml,£10.00,£7.98/litre,,New
840053,Waitrose Cooked Sweet & Smoky Chicken Wings,G,false,490,https://ecom-su-static-prod.wtrecom.com/images/products/3/LN_840053_BP_3.jpg,https://www.waitrose.com/ecom/products/waitrose-cooked-sweet-smoky-chicken-wings/840053-827232-827233,Waitrose Cooked Sweet & Smoky Chicken Wings,350g,£3.75,£1.08/100g,,New
837954,Fairy Platinum Plus All In One Dishwasher Tablets Lemon,G,true,491,https://ecom-su-static-prod.wtrecom.com/images/products/3/LN_837954_BP_3.jpg,https://www.waitrose.com/ecom/products/fairy-platinum-plus-all-in-one-dishwasher-tablets-lemon/837954-825914-825915,Fairy Platinum Plus All In One Dishwasher Tablets Lemon,77Each,£15.00,19.5p each,Save 1/3. Was £22.50,New
836395,Waitrose Plant Living Southern Fried No Chicken Burger,G,false,492,https://ecom-su-static-prod.wtrecom.com/images/products/3/LN_836395_BP_3.jpg,https://www.waitrose.com/ecom/products/waitrose-plant-living-southern-fried-no-chicken-burger/836395-825277-825278,Waitrose Plant Living Southern Fried No Chicken Burger,227g,£3.00,£1.33/100g,,New
834040,Heura Original Vegan Burger,G,false,493,https://ecom-su-static-prod.wtrecom.com/images/products/3/LN_834040_BP_3.jpg,https://www.waitrose.com/ecom/products/heura-original-vegan-burger/834040-825271-825272,Heura Original Vegan Burger,277g,£3.50,£1.55/100g,,New
833841,Bondi Sands Application Mitt,G,true,494,https://ecom-su-static-prod.wtrecom.com/images/products/3/LN_833841_BP_3.jpg,https://www.waitrose.com/ecom/products/bondi-sands-application-mitt/833841-824922-824923,Bondi Sands Application Mitt,each,£3.99,,save £1.01. Was £5.00,New
833754,Monty Bojangles Millionaire Caramel Milk Chocolate Bar,G,true,495,https://ecom-su-static-prod.wtrecom.com/images/products/3/LN_833754_BP_3.jpg,https://www.waitrose.com/ecom/products/monty-bojangles-millionaire-caramel-milk-chocolate-bar/833754-825912-825913,Monty Bojangles Millionaire Caramel Milk Chocolate Bar,150g,£2.50,£1.67/100g,save 50p. Was £3.00,New
833715,Korres Pure Greek Olive Blossom Hand Cream,G,false,496,https://ecom-su-static-prod.wtrecom.com/images/products/3/LN_833715_BP_3.jpg,https://www.waitrose.com/ecom/products/korres-pure-greek-olive-blossom-hand-cream/833715-825584-825585,Korres Pure Greek Olive Blossom Hand Cream,75ml,£11.00,£14.67/100ml,,New
833382,Waitrose Sparkling Raspberry & Apple Flavoured Water NAS,G,false,497,https://ecom-su-static-prod.wtrecom.com/images/products/3/LN_833382_BP_3.jpg,https://www.waitrose.com/ecom/products/waitrose-sparkling-raspberry-apple-flavoured-water-nas/833382-827485-827486,Waitrose Sparkling Raspberry & Apple Flavoured Water NAS,1litre,80p,8p/100ml,,New
831910,NIVEA Luminous630 Anti-Stretch Mark & Dark Spot Body Cream,G,false,498,https://ecom-su-static-prod.wtrecom.com/images/products/3/LN_831910_BP_3.jpg,https://www.waitrose.com/ecom/products/nivea-luminous630-anti-stretch-mark-dark-spot-body-cream/831910-824920-824921,NIVEA Luminous630 Anti-Stretch Mark & Dark Spot Body Cream,200ml,£14.00,£7/100ml,,New
830971,Garnier Vitamin C Gentle Cleanser,G,true,499,https://ecom-su-static-prod.wtrecom.com/images/products/3/LN_830971_BP_3.jpg,https://www.waitrose.com/ecom/products/garnier-vitamin-c-gentle-cleanser/830971-824918-824919,Garnier Vitamin C Gentle Cleanser,250ml,£6.66,£2.67/100ml,Save 1/3. Was £10.00,New
827120,Pip & Nut Smooth Peanut Butter,G,true,500,https://ecom-su-static-prod.wtrecom.com/images/products/3/LN_827120_BP_3.jpg,https://www.waitrose.com/ecom/products/pip-nut-smooth-peanut-butter/827120-825908-825909,Pip & Nut Smooth Peanut Butter,1Kg,£6.00,60p/100g,save £1.00. Was £7.00,New
824641,Cauldron Vegan Spinach Bakes,G,false,501,https://ecom-su-static-prod.wtrecom.com/images/products/3/LN_824641_BP_3.jpg,https://www.waitrose.com/ecom/products/cauldron-vegan-spinach-bakes/824641-825259-825260,Cauldron Vegan Spinach Bakes,200g,£2.80,£1.40/100g,,New
821038,Ecover Laundry Detergent Capsules Bio 18w,G,true,502,https://ecom-su-static-prod.wtrecom.com/images/products/3/LN_821038_BP_3.jpg,https://www.waitrose.com/ecom/products/ecover-laundry-detergent-capsules-bio-18w/821038-825906-825907,Ecover Laundry Detergent Capsules Bio 18w,0.306Kg,£5.60,£18.31/kg,20% Off. Was £7.00,New
820757,Age Perfect Cell Renew Midnight Cream,G,false,503,https://ecom-su-static-prod.wtrecom.com/images/products/3/LN_820757_BP_3.jpg,https://www.waitrose.com/ecom/products/age-perfect-cell-renew-midnight-cream/820757-824916-824917,Age Perfect Cell Renew Midnight Cream,50ml,£30.00,£60/100ml,,New
819955,Robinsons Elderflower Cordial,G,true,504,https://ecom-su-static-prod.wtrecom.com/images/products/3/LN_819955_BP_3.jpg,https://www.waitrose.com/ecom/products/robinsons-elderflower-cordial/819955-824914-824915,Robinsons Elderflower Cordial,500ml,£2.50,50p/100ml,save 65p. Was £3.15,New
819213,Dr Beckmann Magic Leaves Laundry Detergent Sheet Non Bio,G,false,505,https://ecom-su-static-prod.wtrecom.com/images/products/3/LN_819213_BP_3.jpg,https://www.waitrose.com/ecom/products/dr-beckmann-magic-leaves-laundry-detergent-sheet-non-bio/819213-825904-825905,Dr Beckmann Magic Leaves Laundry Detergent Sheet Non Bio,50Sheet,£8.00,,,New
816617,Comfort Summer Bouquet Fabric Conditioner 38W,G,false,506,https://ecom-su-static-prod.wtrecom.com/images/products/3/LN_816617_BP_3.jpg,https://www.waitrose.com/ecom/products/comfort-summer-bouquet-fabric-conditioner-38w/816617-825900-825901,Comfort Summer Bouquet Fabric Conditioner 38W,570ml,£3.00,£5.27/litre,,New
815604,Hellmann's Squeezy BBQ Sauce,G,false,507,https://ecom-su-static-prod.wtrecom.com/images/products/3/LN_815604_BP_3.jpg,https://www.waitrose.com/ecom/products/hellmanns-squeezy-bbq-sauce/815604-826536-826537,Hellmann's Squeezy BBQ Sauce,490g,£2.50,51p/100g,,New
814906,Dr.PAWPAW Tinted Peach Pink Multipurpose Balm,G,true,508,https://ecom-su-static-prod.wtrecom.com/images/products/3/LN_814906_BP_3.jpg,https://www.waitrose.com/ecom/products/drpawpaw-tinted-peach-pink-multipurpose-balm/814906-824910-824911,Dr.PAWPAW Tinted Peach Pink Multipurpose Balm,10ml,£4.25,£42.50/100ml,Add 2 get 2nd half price Cheaper Item Half Price,New
813436,Comfort First Blooms Fabric Conditioner 38W,G,false,509,https://ecom-su-static-prod.wtrecom.com/images/products/3/LN_813436_BP_3.jpg,https://www.waitrose.com/ecom/products/comfort-first-blooms-fabric-conditioner-38w/813436-825898-825899,Comfort First Blooms Fabric Conditioner 38W,570ml,£3.00,£5.27/litre,,New
813335,Kallo Organic Vegetable Stock Pot,G,false,510,https://ecom-su-static-prod.wtrecom.com/images/products/3/LN_813335_BP_3.jpg,https://www.waitrose.com/ecom/products/kallo-organic-vegetable-stock-pot/813335-824906-824907,Kallo Organic Vegetable Stock Pot,4x24g,£2.50,£2.61/100g,,New
812258,Bondi Sands Self Tan Foam Dark,G,true,511,https://ecom-su-static-prod.wtrecom.com/images/products/3/LN_812258_BP_3.jpg,https://www.waitrose.com/ecom/products/bondi-sands-self-tan-foam-dark/812258-824904-824905,Bondi Sands Self Tan Foam Dark,200ml,£13.99,£7/100ml,save £3.51. Was £17.50,New
810896,Califia Farms Organic Oat Milk Alternative,G,false,512,https://ecom-su-static-prod.wtrecom.com/images/products/3/LN_810896_BP_3.jpg,https://www.waitrose.com/ecom/products/califia-farms-organic-oat-milk-alternative/810896-826870-826871,Califia Farms Organic Oat Milk Alternative,750ml,£2.50,£3.34/litre,,New
808589,Cooks' Ingredients Chopped Garlic,G,false,513,https://ecom-su-static-prod.wtrecom.com/images/products/3/LN_808589_BP_3.jpg,https://www.waitrose.com/ecom/products/cooks-ingredients-chopped-garlic/808589-824900-824901,Cooks' Ingredients Chopped Garlic,190g,£2.00,13.8p/10g,,New
808412,Carmex Cherry Tube Lipbalm - SPF 15,G,true,514,https://ecom-su-static-prod.wtrecom.com/images/products/3/LN_808412_BP_3.jpg,https://www.waitrose.com/ecom/products/carmex-cherry-tube-lipbalm-spf-15/808412-824898-824899,Carmex Cherry Tube Lipbalm - SPF 15,10g,£2.30,£2.30/10g,Save 1/3. Was £3.50,New
807832,BEAR Fruit Treasures Tropical,G,false,515,https://ecom-su-static-prod.wtrecom.com/images/products/3/LN_807832_BP_3.jpg,https://www.waitrose.com/ecom/products/bear-fruit-treasures-tropical/807832-826184-826185,BEAR Fruit Treasures Tropical,5x20g,£2.80,£2.80/100g,,New
807771,Bold Northern Solstice Washing Capsules 33W,G,true,516,https://ecom-su-static-prod.wtrecom.com/images/products/3/LN_807771_BP_3.jpg,https://www.waitrose.com/ecom/products/bold-northern-solstice-washing-capsules-33w/807771-825896-825897,Bold Northern Solstice Washing Capsules 33W,33Each,£7.50,22.7p each,25% Off. Was £10.00,New
807017,Unearthed Paprika & Chilli Anchovies,G,true,517,https://ecom-su-static-prod.wtrecom.com/images/products/3/LN_807017_BP_3.jpg,https://www.waitrose.com/ecom/products/unearthed-paprika-chilli-anchovies/807017-824602-824603,Unearthed Paprika & Chilli Anchovies,100g,£2.25,£2.25/100g,25% Off. Was £3.00,New
800748,StylPro Bamboo Reusable Make-Up Remover Pad Set,G,true,518,https://ecom-su-static-prod.wtrecom.com/images/products/3/LN_800748_BP_3.jpg,https://www.waitrose.com/ecom/products/stylpro-bamboo-reusable-make-up-remover-pad-set/800748-824894-824895,StylPro Bamboo Reusable Make-Up Remover Pad Set,218g,£10.40,,save £2.60. Was £13.00,New
797757,Good Boy Tough & Tasty Chicken Roll,G,true,519,https://ecom-su-static-prod.wtrecom.com/images/products/3/LN_797757_BP_3.jpg,https://www.waitrose.com/ecom/products/good-boy-tough-tasty-chicken-roll/797757-824890-824891,Good Boy Tough & Tasty Chicken Roll,80g,£3.30,£41.25/kg,Add 3 for £7.50,New
796594,Waitrose Plant Living Plant & Vegballs,G,false,520,https://ecom-su-static-prod.wtrecom.com/images/products/3/LN_796594_BP_3.jpg,https://www.waitrose.com/ecom/products/waitrose-plant-living-plant-vegballs/796594-825243-825244,Waitrose Plant Living Plant & Vegballs,240g,£2.60,£1.09/100g,,New
794025,Cushelle Original Toilet Rolls 12 Mega Rolls,G,false,521,https://ecom-su-static-prod.wtrecom.com/images/products/3/LN_794025_BP_3.jpg,https://www.waitrose.com/ecom/products/cushelle-original-toilet-rolls-12-mega-rolls/794025-827481-827482,Cushelle Original Toilet Rolls 12 Mega Rolls,12x270Sheet,£11.85,36.6p/100 sheets,,New
792654,Bisto Best Beef Gravy Granules,G,false,522,https://ecom-su-static-prod.wtrecom.com/images/products/3/LN_792654_BP_3.jpg,https://www.waitrose.com/ecom/products/bisto-best-beef-gravy-granules/792654-824888-824889,Bisto Best Beef Gravy Granules,390g,£4.80,£1.24/100g,,New
792320,Age Perfect Collagen Expert Day Cream SPF 30,G,true,523,https://ecom-su-static-prod.wtrecom.com/images/products/3/LN_792320_BP_3.jpg,https://www.waitrose.com/ecom/products/age-perfect-collagen-expert-day-cream-spf-30/792320-824886-824887,Age Perfect Collagen Expert Day Cream SPF 30,50ml,£7.50,£15/100ml,Half Price. Was £15.00,New
791804,Olay Regenerist 3 Point Day Cream SPF30,G,true,524,https://ecom-su-static-prod.wtrecom.com/images/products/3/LN_791804_BP_3.jpg,https://www.waitrose.com/ecom/products/olay-regenerist-3-point-day-cream-spf30/791804-824884-824885,Olay Regenerist 3 Point Day Cream SPF30,50ml,£17.00,£34/100ml,Half Price. Was £34.00,New
790780,Cadbury White Mega Buttons,G,true,525,https://ecom-su-static-prod.wtrecom.com/images/products/3/LN_790780_BP_3.jpg,https://www.waitrose.com/ecom/products/cadbury-white-mega-buttons/790780-825892-825893,Cadbury White Mega Buttons,192g,£2.50,£1.31/100g,save 25p. Was £2.75,New
788151,Tiny Rebel Clwb Tropica IPA,G,true,526,https://ecom-su-static-prod.wtrecom.com/images/products/3/LN_788151_BP_3.jpg,https://www.waitrose.com/ecom/products/tiny-rebel-clwb-tropica-ipa/788151-826182-826183,Tiny Rebel Clwb Tropica IPA,440ml,£3.50,£7.96/litre,Mix & Match Add 5 for 4 Cheapest Item Free,New
782197,Lenor In-Wash Scent Booster Northern Solstice,G,true,527,https://ecom-su-static-prod.wtrecom.com/images/products/3/LN_782197_BP_3.jpg,https://www.waitrose.com/ecom/products/lenor-in-wash-scent-booster-northern-solstice/782197-825888-825889,Lenor In-Wash Scent Booster Northern Solstice,320g,£5.00,£15.63/kg,Save 1/3. Was £7.50,New
781803,Loved & Found Ribolla Gialla Spumante NV,W,false,528,https://ecom-su-static-prod.wtrecom.com/images/products/3/LN_781803_BP_3.jpg,https://www.waitrose.com/ecom/products/loved-found-ribolla-gialla-spumante-nv/781803-822807-822808,Loved & Found Ribolla Gialla Spumante NV,75cl,£8.99,£8.99/75cl,,New
780506,Häagen-Dazs Macaron Collection Ice Cream,G,false,529,https://ecom-su-static-prod.wtrecom.com/images/products/3/LN_780506_BP_3.jpg,https://www.waitrose.com/ecom/products/haagen-dazs-macaron-collection-ice-cream/780506-824401-824401,Häagen-Dazs Macaron Collection Ice Cream,4x95ml,£5.65,£1.49/100ml,,New
779397,Pollen + Grace Scandi Carrot Lox & Dill Potato Salad Bowl,G,true,530,https://ecom-su-static-prod.wtrecom.com/images/products/3/LN_779397_BP_3.jpg,https://www.waitrose.com/ecom/products/pollen-grace-scandi-carrot-lox-dill-potato-salad-bowl/779397-825237-825238,Pollen + Grace Scandi Carrot Lox & Dill Potato Salad Bowl,275g,£4.25,£1.55/100g,"£5 Food to Go Meal Deal: Add 1 Main, 1 Snack and 1 Drink",New
779219,Ultra-Processed People,G,false,531,https://ecom-su-static-prod.wtrecom.com/images/products/3/LN_779219_BP_3.jpg,https://www.waitrose.com/ecom/products/ultra-processed-people/779219-825978-825979,Ultra-Processed People,1Each,£7.99,£7.99 each,,New
778550,Peekaboo Dinosaur,G,false,532,https://ecom-su-static-prod.wtrecom.com/images/products/3/LN_778550_BP_3.jpg,https://www.waitrose.com/ecom/products/peekaboo-dinosaur/778550-824664-824665,Peekaboo Dinosaur,1Each,£5.99,£5.99 each,,New
777537,THIS Isn't Chicken Breast,G,false,533,https://ecom-su-static-prod.wtrecom.com/images/products/3/LN_777537_BP_3.jpg,https://www.waitrose.com/ecom/products/this-isnt-chicken-breast/777537-825235-825236,THIS Isn't Chicken Breast,180g,£3.50,£1.95/100g,,New
774800,Taiko Chicken Katsu Bites with Dynamite Mayo,G,true,534,https://ecom-su-static-prod.wtrecom.com/images/products/3/LN_774800_BP_3.jpg,https://www.waitrose.com/ecom/products/taiko-chicken-katsu-bites-with-dynamite-mayo/774800-825233-825234,Taiko Chicken Katsu Bites with Dynamite Mayo,90g,£2.50,£2.78/100g,"£5 Food to Go Meal Deal: Add 1 Main, 1 Snack and 1 Drink",New
772798,Nip+Fab Ceramide Fix Cleansing Balm,G,true,535,https://ecom-su-static-prod.wtrecom.com/images/products/3/LN_772798_BP_3.jpg,https://www.waitrose.com/ecom/products/nipfab-ceramide-fix-cleansing-balm/772798-824882-824883,Nip+Fab Ceramide Fix Cleansing Balm,75ml,£13.33,£17.78/100ml,Save 1/3. Was £20.00,New
771885,Waitrose Green Tikka Chicken Wrap,G,true,536,https://ecom-su-static-prod.wtrecom.com/images/products/3/LN_771885_BP_3.jpg,https://www.waitrose.com/ecom/products/waitrose-green-tikka-chicken-wrap/771885-825229-825230,Waitrose Green Tikka Chicken Wrap,each,£3.90,£3.90 each,"£5 Food to Go Meal Deal: Add 1 Main, 1 Snack and 1 Drink",New
769169,Pip & Nut Milk Chocolate Peanut Butter Cup,G,false,537,https://ecom-su-static-prod.wtrecom.com/images/products/3/LN_769169_BP_3.jpg,https://www.waitrose.com/ecom/products/pip-nut-milk-chocolate-peanut-butter-cup/769169-825886-825887,Pip & Nut Milk Chocolate Peanut Butter Cup,34g,£1.35,£3.98/100g,,New
765863,Nestle Cerelac Mixed Fruits and Wheat Cereal,G,false,538,https://ecom-su-static-prod.wtrecom.com/images/products/3/LN_765863_BP_3.jpg,https://www.waitrose.com/ecom/products/nestle-cerelac-mixed-fruits-and-wheat-cereal/765863-826178-826179,Nestle Cerelac Mixed Fruits and Wheat Cereal,400g,£4.95,£1.24/100g,,New
763931,Matthews Cotswold Pizza Flour,G,false,539,https://ecom-su-static-prod.wtrecom.com/images/products/3/LN_763931_BP_3.jpg,https://www.waitrose.com/ecom/products/matthews-cotswold-pizza-flour/763931-827130-827131,Matthews Cotswold Pizza Flour,1.5Kg,£2.00,£1.34/kg,,New
763025,Mad Squirrel Aztec Mountain IPA,G,true,540,https://ecom-su-static-prod.wtrecom.com/images/products/3/LN_763025_BP_3.jpg,https://www.waitrose.com/ecom/products/mad-squirrel-aztec-mountain-ipa/763025-826176-826177,Mad Squirrel Aztec Mountain IPA,440ml,£3.75,£8.53/litre,Mix & Match Add 5 for 4 Cheapest Item Free,New
761048,Itsu Lemon & Yuzu Zen Water,G,true,541,https://ecom-su-static-prod.wtrecom.com/images/products/3/LN_761048_BP_3.jpg,https://www.waitrose.com/ecom/products/itsu-lemon-yuzu-zen-water/761048-825219-825220,Itsu Lemon & Yuzu Zen Water,330ml,£1.50,45.5p/100ml,"£5 Food to Go Meal Deal: Add 1 Main, 1 Snack and 1 Drink",New
759175,Leafy Jungle Napkins PK16,G,false,542,https://ecom-su-static-prod.wtrecom.com/images/products/3/LN_759175_BP_3.jpg,https://www.waitrose.com/ecom/products/leafy-jungle-napkins-pk16/759175-825215-825216,Leafy Jungle Napkins PK16,48Each,£2.50,5.2p each,,New
758927,Butcher's Joints & Coat Dog Food Tins,G,false,543,https://ecom-su-static-prod.wtrecom.com/images/products/3/LN_758927_BP_3.jpg,https://www.waitrose.com/ecom/products/butchers-joints-coat-dog-food-tins/758927-824878-824878,Butcher's Joints & Coat Dog Food Tins,6x390g,£6.00,£2.57/kg,,New
757578,Waitrose Shredded Chicken,G,true,544,https://ecom-su-static-prod.wtrecom.com/images/products/3/LN_757578_BP_3.jpg,https://www.waitrose.com/ecom/products/waitrose-shredded-chicken/757578-827226-827227,Waitrose Shredded Chicken,150g,£3.50,£2.34/100g,New Line,New
755768,Brewdog Wingman,G,true,545,https://ecom-su-static-prod.wtrecom.com/images/products/3/LN_755768_BP_3.jpg,https://www.waitrose.com/ecom/products/brewdog-wingman/755768-826174-826175,Brewdog Wingman,4x330ml,£5.50,£4.17/litre,save £1.00. Was £6.50,New
751294,Homethings Bio Laundry Sheets 32W,G,false,546,https://ecom-su-static-prod.wtrecom.com/images/products/3/LN_751294_BP_3.jpg,https://www.waitrose.com/ecom/products/homethings-bio-laundry-sheets-32w/751294-825882-825883,Homethings Bio Laundry Sheets 32W,32Each,£8.00,25p each,,New
750738,Häagen-Dazs Bites Salted Caramel Ice Cream,G,true,547,https://ecom-su-static-prod.wtrecom.com/images/products/3/LN_750738_BP_3.jpg,https://www.waitrose.com/ecom/products/haagen-dazs-bites-salted-caramel-ice-cream/750738-824397-824398,Häagen-Dazs Bites Salted Caramel Ice Cream,128ml,£3.50,£2.74/100ml,save £1.50. Was £5.00,New
749908,Cawston Press Sunshine Orange Fruit Waters,G,false,548,https://ecom-su-static-prod.wtrecom.com/images/products/3/LN_749908_BP_3.jpg,https://www.waitrose.com/ecom/products/cawston-press-sunshine-orange-fruit-waters/749908-827479-827480,Cawston Press Sunshine Orange Fruit Waters,3x200ml,£2.35,39.2p/100ml,,New
748970,Organix Kids Tangy Tomato Crunchy Waves,G,false,549,https://ecom-su-static-prod.wtrecom.com/images/products/3/LN_748970_BP_3.jpg,https://www.waitrose.com/ecom/products/organix-kids-tangy-tomato-crunchy-waves/748970-826415-826416,Organix Kids Tangy Tomato Crunchy Waves,4x14g,£2.60,£4.65/100g,,New
748039,O'Keeffe's Healthy Feet Overnight,G,false,550,https://ecom-su-static-prod.wtrecom.com/images/products/3/LN_748039_BP_3.jpg,https://www.waitrose.com/ecom/products/okeeffes-healthy-feet-overnight/748039-824876-824877,O'Keeffe's Healthy Feet Overnight,80ml,£10.50,£13.13/100ml,,New
747327,Bonne Maman Crunchy Hazelnut Chocolate Spread,G,false,551,https://ecom-su-static-prod.wtrecom.com/images/products/3/LN_747327_BP_3.jpg,https://www.waitrose.com/ecom/products/bonne-maman-crunchy-hazelnut-chocolate-spread/747327-825880-825881,Bonne Maman Crunchy Hazelnut Chocolate Spread,250g,£3.20,£1.28/100g,,New
747212,Vocation Brewery Aoraki DIPA,G,true,552,https://ecom-su-static-prod.wtrecom.com/images/products/3/LN_747212_BP_3.jpg,https://www.waitrose.com/ecom/products/vocation-brewery-aoraki-dipa/747212-826172-826173,Vocation Brewery Aoraki DIPA,440ml,£4.00,£9.10/litre,Mix & Match Add 5 for 4 Cheapest Item Free,New
744759,Gran Luchito Chilli Con Carne Sauce,G,true,553,https://ecom-su-static-prod.wtrecom.com/images/products/3/LN_744759_BP_3.jpg,https://www.waitrose.com/ecom/products/gran-luchito-chilli-con-carne-sauce/744759-824874-824875,Gran Luchito Chilli Con Carne Sauce,450g,£3.00,£6.67/kg,20% Off. Was £3.85,New
742221,Bondi Sands Tan Eraser Gel,G,true,554,https://ecom-su-static-prod.wtrecom.com/images/products/3/LN_742221_BP_3.jpg,https://www.waitrose.com/ecom/products/bondi-sands-tan-eraser-gel/742221-824872-824873,Bondi Sands Tan Eraser Gel,200ml,£13.59,£6.80/100ml,save £3.41. Was £17.00,New
741429,Beavertown Satellite Supper Session,G,true,555,https://ecom-su-static-prod.wtrecom.com/images/products/3/LN_741429_BP_3.jpg,https://www.waitrose.com/ecom/products/beavertown-satellite-supper-session/741429-826170-826171,Beavertown Satellite Supper Session,4x330ml,£6.00,£4.55/litre,save £1.25. Was £7.25,New
738305,Nip+Fab Ceramide Fix Overnight Cream 12%,G,true,556,https://ecom-su-static-prod.wtrecom.com/images/products/3/LN_738305_BP_3.jpg,https://www.waitrose.com/ecom/products/nipfab-ceramide-fix-overnight-cream-12/738305-824870-824871,Nip+Fab Ceramide Fix Overnight Cream 12%,50ml,£19.95,£3.99/10ml,Save 1/3. Was £30.00,New
735101,Balance Me Tripeptide Plumping Cloud Cream,G,true,557,https://ecom-su-static-prod.wtrecom.com/images/products/3/LN_735101_BP_3.jpg,https://www.waitrose.com/ecom/products/balance-me-tripeptide-plumping-cloud-cream/735101-824866-824867,Balance Me Tripeptide Plumping Cloud Cream,20ml,£20.00,£100/100ml,Buyers Choice,New
733410,Lindt Excellence A Touch Of Vanilla White,G,true,558,https://ecom-su-static-prod.wtrecom.com/images/products/3/LN_733410_BP_3.jpg,https://www.waitrose.com/ecom/products/lindt-excellence-a-touch-of-vanilla-white/733410-825876-825877,Lindt Excellence A Touch Of Vanilla White,100g,£2.15,£2.15/100g,save 60p. Was £2.75,New
732074,Oxo White Wine Stock Pots,G,true,559,https://ecom-su-static-prod.wtrecom.com/images/products/3/LN_732074_BP_3.jpg,https://www.waitrose.com/ecom/products/oxo-white-wine-stock-pots/732074-824861-824862,Oxo White Wine Stock Pots,4x20g,£1.50,£1.88/100g,25% Off. Was £2.00,New
730732,Stop Them Dead,G,false,560,https://ecom-su-static-prod.wtrecom.com/images/products/3/LN_730732_BP_3.jpg,https://www.waitrose.com/ecom/products/stop-them-dead/730732-825976-825977,Stop Them Dead,1Each,£6.99,£6.99 each,,New
730619,Unearthed Iberico Cheese & Chorizo Platter,G,true,561,https://ecom-su-static-prod.wtrecom.com/images/products/3/LN_730619_BP_3.jpg,https://www.waitrose.com/ecom/products/unearthed-iberico-cheese-chorizo-platter/730619-824587-824587,Unearthed Iberico Cheese & Chorizo Platter,100g,£3.15,£3.15/100g,25% Off. Was £4.20,New
728489,Lily O'Brien's Luxury Collection,G,true,562,https://ecom-su-static-prod.wtrecom.com/images/products/3/LN_728489_BP_3.jpg,https://www.waitrose.com/ecom/products/lily-obriens-luxury-collection/728489-825872-825873,Lily O'Brien's Luxury Collection,270g,£8.00,£2.97/100g,20% Off. Was £10.00,New
727388,Flavour Hacks Green Chilli,G,true,563,https://ecom-su-static-prod.wtrecom.com/images/products/3/LN_727388_BP_3.jpg,https://www.waitrose.com/ecom/products/flavour-hacks-green-chilli/727388-824859-824860,Flavour Hacks Green Chilli,130g,£2.35,£1.81/100g,20% Off. Was £2.95,New
725572,Brewdog King Crush,G,true,564,https://ecom-su-static-prod.wtrecom.com/images/products/3/LN_725572_BP_3.jpg,https://www.waitrose.com/ecom/products/brewdog-king-crush/725572-826168-826169,Brewdog King Crush,440ml,£4.25,£9.66/litre,Mix & Match Add 5 for 4 Cheapest Item Free,New
724437,Lindt Classic Recipe Milk,G,false,565,https://ecom-su-static-prod.wtrecom.com/images/products/3/LN_724437_BP_3.jpg,https://www.waitrose.com/ecom/products/lindt-classic-recipe-milk/724437-825440-825441,Lindt Classic Recipe Milk,190g,£3.25,£1.72/100g,,New
721157,Waitrose Sparkling Lemon & Lime Flavoured Water NAS,G,false,566,https://ecom-su-static-prod.wtrecom.com/images/products/3/LN_721157_BP_3.jpg,https://www.waitrose.com/ecom/products/waitrose-sparkling-lemon-lime-flavoured-water-nas/721157-827477-827478,Waitrose Sparkling Lemon & Lime Flavoured Water NAS,1litre,80p,8p/100ml,,New
720453,Marmite XO,G,false,567,https://ecom-su-static-prod.wtrecom.com/images/products/3/LN_720453_BP_3.jpg,https://www.waitrose.com/ecom/products/marmite-xo/720453-825870-825871,Marmite XO,250g,£4.50,£1.80/100g,,New
719732,Old Golden Hen Bottle,G,false,568,https://ecom-su-static-prod.wtrecom.com/images/products/3/LN_719732_BP_3.jpg,https://www.waitrose.com/ecom/products/old-golden-hen-bottle/719732-826166-826167,Old Golden Hen Bottle,500ml,£2.25,£4.50/litre,,New
719074,Finish Quantum Lemon Dishwasher Tablets 24W,G,false,569,https://ecom-su-static-prod.wtrecom.com/images/products/3/LN_719074_BP_3.jpg,https://www.waitrose.com/ecom/products/finish-quantum-lemon-dishwasher-tablets-24w/719074-825868-825869,Finish Quantum Lemon Dishwasher Tablets 24W,24Each,£7.00,29.2p each,,New
717696,Bloom & Blossom Soothing Baby Hair & Body Wash,G,false,570,https://ecom-su-static-prod.wtrecom.com/images/products/3/LN_717696_BP_3.jpg,https://www.waitrose.com/ecom/products/bloom-blossom-soothing-baby-hair-body-wash/717696-826164-826165,Bloom & Blossom Soothing Baby Hair & Body Wash,500ml,£12.00,£2.40/100ml,,New
712182,Leafy Jungle Character Candles PK5,G,false,571,https://ecom-su-static-prod.wtrecom.com/images/products/3/LN_712182_BP_3.jpg,https://www.waitrose.com/ecom/products/leafy-jungle-character-candles-pk5/712182-825193-825194,Leafy Jungle Character Candles PK5,1Each,£2.50,£2.50 each,,New
710884,Ella's Kitchen Organic Lamb Roast Dinner,G,false,572,https://ecom-su-static-prod.wtrecom.com/images/products/3/LN_710884_BP_3.jpg,https://www.waitrose.com/ecom/products/ellas-kitchen-organic-lamb-roast-dinner/710884-826162-826163,Ella's Kitchen Organic Lamb Roast Dinner,190g,£2.10,£1.11/100g,,New
705468,Garnier Vitamin C Eye,G,true,573,https://ecom-su-static-prod.wtrecom.com/images/products/3/LN_705468_BP_3.jpg,https://www.waitrose.com/ecom/products/garnier-vitamin-c-eye/705468-824855-824856,Garnier Vitamin C Eye,15ml,£7.33,£48.87/100ml,Save 1/3. Was £11.00,New
702291,Waitrose Extrawurst,G,false,574,https://ecom-su-static-prod.wtrecom.com/images/products/3/LN_702291_BP_3.jpg,https://www.waitrose.com/ecom/products/waitrose-extrawurst/702291-827222-827223,Waitrose Extrawurst,90g,£3.70,£4.12/100g,,New
701327,NIVEA Luminous630 Anti-Stretch Mark Body Oil-Serum,G,false,575,https://ecom-su-static-prod.wtrecom.com/images/products/3/LN_701327_BP_3.jpg,https://www.waitrose.com/ecom/products/nivea-luminous630-anti-stretch-mark-body-oil-serum/701327-824853-824854,NIVEA Luminous630 Anti-Stretch Mark Body Oil-Serum,100ml,£15.00,£15/100ml,,New
701039,Rachelli Cremino,G,false,576,https://ecom-su-static-prod.wtrecom.com/images/products/3/LN_701039_BP_3.jpg,https://www.waitrose.com/ecom/products/rachelli-cremino/701039-825189-825190,Rachelli Cremino,180g,£3.95,£2.20/100g,,New
698751,Mary Berry's Sticky Ginger & Chilli Dressing,G,false,577,https://ecom-su-static-prod.wtrecom.com/images/products/3/LN_698751_BP_3.jpg,https://www.waitrose.com/ecom/products/mary-berrys-sticky-ginger-chilli-dressing/698751-826760-826761,Mary Berry's Sticky Ginger & Chilli Dressing,235ml,£3.80,£1.62/100ml,,New
697936,Garnier Moisture Vitamin C Mask,G,false,578,https://ecom-su-static-prod.wtrecom.com/images/products/3/LN_697936_BP_3.jpg,https://www.waitrose.com/ecom/products/garnier-moisture-vitamin-c-mask/697936-824851-824852,Garnier Moisture Vitamin C Mask,28ml,£3.50,£12.50/100ml,,New
697799,Leafy Jungle Paper Cups PK8,G,false,579,https://ecom-su-static-prod.wtrecom.com/images/products/3/LN_697799_BP_3.jpg,https://www.waitrose.com/ecom/products/leafy-jungle-paper-cups-pk8/697799-825185-825186,Leafy Jungle Paper Cups PK8,1Each,£2.50,£2.50 each,,New
695182,Haagen-Dazs Macadamia Nut Brittle,G,true,580,https://ecom-su-static-prod.wtrecom.com/images/products/3/LN_695182_BP_3.jpg,https://www.waitrose.com/ecom/products/haagen-dazs-macadamia-nut-brittle/695182-824391-824392,Haagen-Dazs Macadamia Nut Brittle,460ml,£3.75,81.5p/100ml,save £1.85. Was £5.60,New
694313,Dove Body Love Barrier Body Lotion,G,true,581,https://ecom-su-static-prod.wtrecom.com/images/products/3/LN_694313_BP_3.jpg,https://www.waitrose.com/ecom/products/dove-body-love-barrier-body-lotion/694313-824849-824850,Dove Body Love Barrier Body Lotion,400ml,£4.00,£1/100ml,Save 1/3. Was £6.00,New
690914,Waitrose Ciabatta & Focaccia Bread Mix,G,false,582,https://ecom-su-static-prod.wtrecom.com/images/products/3/LN_690914_BP_3.jpg,https://www.waitrose.com/ecom/products/waitrose-ciabatta-focaccia-bread-mix/690914-827128-827129,Waitrose Ciabatta & Focaccia Bread Mix,500g,£1.35,£2.70/kg,,New
689869,Persil Wonder Wash Bio Odour Defy Liquid 55W,G,false,583,https://ecom-su-static-prod.wtrecom.com/images/products/3/LN_689869_BP_3.jpg,https://www.waitrose.com/ecom/products/persil-wonder-wash-bio-odour-defy-liquid-55w/689869-825864-825865,Persil Wonder Wash Bio Odour Defy Liquid 55W,1485ml,£10.00,£6.74/litre,,New
688518,LOreal Revitalift Clinical 12% Pure,G,true,584,https://ecom-su-static-prod.wtrecom.com/images/products/3/LN_688518_BP_3.jpg,https://www.waitrose.com/ecom/products/loreal-revitalift-clinical-12-pure/688518-824847-824848,LOreal Revitalift Clinical 12% Pure,30ml,£16.00,£53.34/100ml,Half Price. Was £32.00,New
685981,Finish Ultimate+ Lemon Dishwasher Tablets 62W,G,false,585,https://ecom-su-static-prod.wtrecom.com/images/products/3/LN_685981_BP_3.jpg,https://www.waitrose.com/ecom/products/finish-ultimate-lemon-dishwasher-tablets-62w/685981-825862-825863,Finish Ultimate+ Lemon Dishwasher Tablets 62W,62Each,£18.00,29p each,,New
684631,Lindt Excellence Raspberry Intense Dark,G,true,586,https://ecom-su-static-prod.wtrecom.com/images/products/3/LN_684631_BP_3.jpg,https://www.waitrose.com/ecom/products/lindt-excellence-raspberry-intense-dark/684631-825860-825861,Lindt Excellence Raspberry Intense Dark,100g,£2.15,£2.15/100g,save 60p. Was £2.75,New
682371,Bloom and Blossom Like A Baby Calming Baby Massage Lotion,G,false,587,https://ecom-su-static-prod.wtrecom.com/images/products/3/LN_682371_BP_3.jpg,https://www.waitrose.com/ecom/products/bloom-and-blossom-like-a-baby-calming-baby-massage-lotion/682371-826156-826157,Bloom and Blossom Like A Baby Calming Baby Massage Lotion,200ml,£12.00,£6/100ml,,New
680705,Neutrogena Clear & Defend Facial Wash,G,true,588,https://ecom-su-static-prod.wtrecom.com/images/products/3/LN_680705_BP_3.jpg,https://www.waitrose.com/ecom/products/neutrogena-clear-defend-facial-wash/680705-824845-824846,Neutrogena Clear & Defend Facial Wash,200ml,£4.00,£2/100ml,Save 1/3. Was £6.00,New
678746,Monty Bojangles Belgian Milk Chocolate Purrs,G,true,589,https://ecom-su-static-prod.wtrecom.com/images/products/3/LN_678746_BP_3.jpg,https://www.waitrose.com/ecom/products/monty-bojangles-belgian-milk-chocolate-purrs/678746-825856-825857,Monty Bojangles Belgian Milk Chocolate Purrs,200g,£5.00,£2.50/100g,save £1.00. Was £6.00,New
678122,Aveeno Skin Renewal Body Scrub,G,true,590,https://ecom-su-static-prod.wtrecom.com/images/products/3/LN_678122_BP_3.jpg,https://www.waitrose.com/ecom/products/aveeno-skin-renewal-body-scrub/678122-824843-824844,Aveeno Skin Renewal Body Scrub,200ml,£6.66,£3.33/100ml,Save 1/3. Was £10.00,New
676064,Unearthed Herbes De Provence Torchon Ham,G,true,591,https://ecom-su-static-prod.wtrecom.com/images/products/3/LN_676064_BP_3.jpg,https://www.waitrose.com/ecom/products/unearthed-herbes-de-provence-torchon-ham/676064-824578-824579,Unearthed Herbes De Provence Torchon Ham,160g,£3.15,£3.15/100g,25% Off. Was £4.20,New
667747,Olay Anti Wrinkle Firm & Lift Night Cream,G,true,592,https://ecom-su-static-prod.wtrecom.com/images/products/3/LN_667747_BP_3.jpg,https://www.waitrose.com/ecom/products/olay-anti-wrinkle-firm-lift-night-cream/667747-824841-824842,Olay Anti Wrinkle Firm & Lift Night Cream,50ml,£7.00,£14/100ml,Half Price. Was £14.00,New
667100,Itsu Peach & Lychee Zen Water,G,true,593,https://ecom-su-static-prod.wtrecom.com/images/products/3/LN_667100_BP_3.jpg,https://www.waitrose.com/ecom/products/itsu-peach-lychee-zen-water/667100-825167-825168,Itsu Peach & Lychee Zen Water,330ml,£1.50,45.5p/100ml,"£5 Food to Go Meal Deal: Add 1 Main, 1 Snack and 1 Drink",New
666480,Persil Wonder Wash Bio Odour Defy Liquid 31W,G,false,594,https://ecom-su-static-prod.wtrecom.com/images/products/3/LN_666480_BP_3.jpg,https://www.waitrose.com/ecom/products/persil-wonder-wash-bio-odour-defy-liquid-31w/666480-825854-825855,Persil Wonder Wash Bio Odour Defy Liquid 31W,837ml,£7.00,£8.37/litre,,New
662272,LOreal Revitalift Filler Eye Serum,G,false,595,https://ecom-su-static-prod.wtrecom.com/images/products/3/LN_662272_BP_3.jpg,https://www.waitrose.com/ecom/products/loreal-revitalift-filler-eye-serum/662272-824839-824840,LOreal Revitalift Filler Eye Serum,20ml,£32.00,£160/100ml,,New
661352,Aveeno Skin Renewal Exfoliating Cream,G,true,596,https://ecom-su-static-prod.wtrecom.com/images/products/3/LN_661352_BP_3.jpg,https://www.waitrose.com/ecom/products/aveeno-skin-renewal-exfoliating-cream/661352-824837-824838,Aveeno Skin Renewal Exfoliating Cream,300ml,£10.00,£3.34/100ml,Save 1/3. Was £15.00,New
658016,Bondi Sands Self Tan Foam One Hour,G,true,597,https://ecom-su-static-prod.wtrecom.com/images/products/3/LN_658016_BP_3.jpg,https://www.waitrose.com/ecom/products/bondi-sands-self-tan-foam-one-hour/658016-824835-824836,Bondi Sands Self Tan Foam One Hour,200ml,£13.59,£6.80/100ml,save £3.41. Was £17.00,New
657659,Comfort Scent Booster Elixir First Blooms,G,false,598,https://ecom-su-static-prod.wtrecom.com/images/products/3/LN_657659_BP_3.jpg,https://www.waitrose.com/ecom/products/comfort-scent-booster-elixir-first-blooms/657659-825850-825851,Comfort Scent Booster Elixir First Blooms,460ml,£6.00,£13.05/litre,,New
657484,BEAR Fruit Treasures Berry 3+ Years,G,false,599,https://ecom-su-static-prod.wtrecom.com/images/products/3/LN_657484_BP_3.jpg,https://www.waitrose.com/ecom/products/bear-fruit-treasures-berry-3-years/657484-826154-826155,BEAR Fruit Treasures Berry 3+ Years,5x20g,£2.80,£2.80/100g,,New
657358,No.1 Pork Cheese & Nduja Sausage Rolls,G,true,600,https://ecom-su-static-prod.wtrecom.com/images/products/3/LN_657358_BP_3.jpg,https://www.waitrose.com/ecom/products/no1-pork-cheese-nduja-sausage-rolls/657358-827214-827215,No.1 Pork Cheese & Nduja Sausage Rolls,188g,£3.04,£1.62/100g,Introductory Offer.Will be £3.80,New
655861,Gü New York Cheesecakes,G,false,601,https://ecom-su-static-prod.wtrecom.com/images/products/3/LN_655861_BP_3.jpg,https://www.waitrose.com/ecom/products/gu-new-york-cheesecakes/655861-825161-825162,Gü New York Cheesecakes,2x80g,£2.95,£1.85/100g,,New
651463,Camden Stout Cans,G,false,602,https://ecom-su-static-prod.wtrecom.com/images/products/3/LN_651463_BP_3.jpg,https://www.waitrose.com/ecom/products/camden-stout-cans/651463-826148-826149,Camden Stout Cans,4x440ml,£6.75,£3.84/litre,,New
651259,No.1 Frozen Sicilian Lemon Meringue Pie,G,true,603,https://ecom-su-static-prod.wtrecom.com/images/products/3/LN_651259_BP_3.jpg,https://www.waitrose.com/ecom/products/no1-frozen-sicilian-lemon-meringue-pie/651259-827124-827125,No.1 Frozen Sicilian Lemon Meringue Pie,480g,£6.50,£13.55/kg,Buyers Choice,New
650614,Outland West Coast IPA,G,true,604,https://ecom-su-static-prod.wtrecom.com/images/products/3/LN_650614_BP_3.jpg,https://www.waitrose.com/ecom/products/outland-west-coast-ipa/650614-826146-826147,Outland West Coast IPA,440ml,£3.25,£7.39/litre,Mix & Match Add 5 for 4 Cheapest Item Free,New
649358,Staropramen 0.0%,G,false,605,https://ecom-su-static-prod.wtrecom.com/images/products/3/LN_649358_BP_3.jpg,https://www.waitrose.com/ecom/products/staropramen-00/649358-827122-827123,Staropramen 0.0%,4x330ml,£5.25,£3.98/litre,,New
649092,Good Boy Busy Bar Chicken Small,G,false,606,https://ecom-su-static-prod.wtrecom.com/images/products/3/LN_649092_BP_3.jpg,https://www.waitrose.com/ecom/products/good-boy-busy-bar-chicken-small/649092-824833-824834,Good Boy Busy Bar Chicken Small,108g,£2.00,£18.52/kg,,New
646408,Doves Farm Organic Seedhouse Bread Flour,G,true,607,https://ecom-su-static-prod.wtrecom.com/images/products/3/LN_646408_BP_3.jpg,https://www.waitrose.com/ecom/products/doves-farm-organic-seedhouse-bread-flour/646408-827120-827121,Doves Farm Organic Seedhouse Bread Flour,1Kg,£2.16,£2.16/kg,20% Off. Was £2.75,New
646401,HiPP Organic Mild Vegetable Curry & Rice 10+ Months,G,false,608,https://ecom-su-static-prod.wtrecom.com/images/products/3/LN_646401_BP_3.jpg,https://www.waitrose.com/ecom/products/hipp-organic-mild-vegetable-curry-rice-10-months/646401-826144-826145,HiPP Organic Mild Vegetable Curry & Rice 10+ Months,200g,£2.20,£1.10/100g,,New
640603,Finish Ultimate Lemon Dishwasher Tablets 21W,G,false,609,https://ecom-su-static-prod.wtrecom.com/images/products/3/LN_640603_BP_3.jpg,https://www.waitrose.com/ecom/products/finish-ultimate-lemon-dishwasher-tablets-21w/640603-825848-825849,Finish Ultimate Lemon Dishwasher Tablets 21W,21Each,£8.00,38.1p each,,New
638549,Ella's Kitchen Organic Pesto Pasta With Chicken & Mushroom,G,true,610,https://ecom-su-static-prod.wtrecom.com/images/products/3/LN_638549_BP_3.jpg,https://www.waitrose.com/ecom/products/ellas-kitchen-organic-pesto-pasta-with-chicken-mushroom/638549-826142-826143,Ella's Kitchen Organic Pesto Pasta With Chicken & Mushroom,100g,£1.40,£1.40/100g,Add 3 for £3.75,New
637612,Leafy Jungle Character Fun Glasses,G,false,611,https://ecom-su-static-prod.wtrecom.com/images/products/3/LN_637612_BP_3.jpg,https://www.waitrose.com/ecom/products/leafy-jungle-character-fun-glasses/637612-825153-825154,Leafy Jungle Character Fun Glasses,1Each,£3.00,£3 each,,New
634383,Codorniu Zero Rosé,G,false,612,https://ecom-su-static-prod.wtrecom.com/images/products/3/LN_634383_BP_3.jpg,https://www.waitrose.com/ecom/products/codorniu-zero-rose/634383-827118-827119,Codorniu Zero Rosé,75cl,£6.00,£6/75cl,,New
632531,Faith in Nature Mint Body Wash,G,false,613,https://ecom-su-static-prod.wtrecom.com/images/products/3/LN_632531_BP_3.jpg,https://www.waitrose.com/ecom/products/faith-in-nature-mint-body-wash/632531-825548-825549,Faith in Nature Mint Body Wash,400ml,£6.00,£1.50/100ml,,New
628773,Waitrose Cooked Honey Sriracha Chicken Wings,G,true,614,https://ecom-su-static-prod.wtrecom.com/images/products/3/LN_628773_BP_3.jpg,https://www.waitrose.com/ecom/products/waitrose-cooked-honey-sriracha-chicken-wings/628773-827208-827209,Waitrose Cooked Honey Sriracha Chicken Wings,350g,£3.75,£1.08/100g,New Line,New
626648,Bloom and Blossom Gentle Baby Bubble Bath,G,false,615,https://ecom-su-static-prod.wtrecom.com/images/products/3/LN_626648_BP_3.jpg,https://www.waitrose.com/ecom/products/bloom-and-blossom-gentle-baby-bubble-bath/626648-826140-826141,Bloom and Blossom Gentle Baby Bubble Bath,500ml,£12.00,£2.40/100ml,,New
625428,Bold Lavender & Camomile Laundry Liquid 60W,G,false,616,https://ecom-su-static-prod.wtrecom.com/images/products/3/LN_625428_BP_3.jpg,https://www.waitrose.com/ecom/products/bold-lavender-camomile-laundry-liquid-60w/625428-825846-825847,Bold Lavender & Camomile Laundry Liquid 60W,1.98litre,£10.65,£5.38/litre,,New
624841,Brixton Brewery Reliance Pale Ale Can 4PK,G,false,617,https://ecom-su-static-prod.wtrecom.com/images/products/3/LN_624841_BP_3.jpg,https://www.waitrose.com/ecom/products/brixton-brewery-reliance-pale-ale-can-4pk/624841-826138-826139,Brixton Brewery Reliance Pale Ale Can 4PK,4x330ml,£7.00,£5.31/litre,,New
624786,Just Spices BBQ Seasoning,G,false,618,https://ecom-su-static-prod.wtrecom.com/images/products/3/LN_624786_BP_3.jpg,https://www.waitrose.com/ecom/products/just-spices-bbq-seasoning/624786-824829-824830,Just Spices BBQ Seasoning,70g,£4.00,57.1p/10g,,New
623121,Comfort Fabric Conditioner First Blooms 64w,G,true,619,https://ecom-su-static-prod.wtrecom.com/images/products/3/LN_623121_BP_3.jpg,https://www.waitrose.com/ecom/products/comfort-fabric-conditioner-first-blooms-64w/623121-825844-825845,Comfort Fabric Conditioner First Blooms 64w,960ml,£4.00,£4.17/litre,20% Off. Was £5.00,New
621912,Wild Beer Pogo Passionfruit Pale Ale,G,true,620,https://ecom-su-static-prod.wtrecom.com/images/products/3/LN_621912_BP_3.jpg,https://www.waitrose.com/ecom/products/wild-beer-pogo-passionfruit-pale-ale/621912-826136-826137,Wild Beer Pogo Passionfruit Pale Ale,440ml,£2.75,£6.25/litre,Mix & Match Add 5 for 4 Cheapest Item Free,New
621804,Nivea Refreshing Day Cream Spf 30,G,true,621,https://ecom-su-static-prod.wtrecom.com/images/products/3/LN_621804_BP_3.jpg,https://www.waitrose.com/ecom/products/nivea-refreshing-day-cream-spf-30/621804-824827-824828,Nivea Refreshing Day Cream Spf 30,50ml,£3.86,£7.72/100ml,Save 1/3. Was £5.80,New
620750,Brewdog Elvis Alcohol Free,G,true,622,https://ecom-su-static-prod.wtrecom.com/images/products/3/LN_620750_BP_3.jpg,https://www.waitrose.com/ecom/products/brewdog-elvis-alcohol-free/620750-827116-827117,Brewdog Elvis Alcohol Free,4x330ml,£4.00,£3.04/litre,save £1.50. Was £5.50,New
620379,Blink Kitten Chicken & Fish Pouch Selection …in Jelly,G,false,623,https://ecom-su-static-prod.wtrecom.com/images/products/3/LN_620379_BP_3.jpg,https://www.waitrose.com/ecom/products/blink-kitten-chicken-fish-pouch-selection-in-jelly/620379-824822-824822,Blink Kitten Chicken & Fish Pouch Selection …in Jelly,8x85g,£9.15,£13.46/kg,,New
620358,Nivea Creme,G,false,624,https://ecom-su-static-prod.wtrecom.com/images/products/3/LN_620358_BP_3.jpg,https://www.waitrose.com/ecom/products/nivea-creme/620358-824820-824821,Nivea Creme,400ml,£10.00,£2.50/100ml,,New
619715,Califia Farms Almond Barista Blend,G,false,625,https://ecom-su-static-prod.wtrecom.com/images/products/3/LN_619715_BP_3.jpg,https://www.waitrose.com/ecom/products/califia-farms-almond-barista-blend/619715-826864-826865,Califia Farms Almond Barista Blend,1litre,£2.45,£2.45/litre,,New
608503,Waitrose Apple & Salted Caramel,G,true,626,https://ecom-su-static-prod.wtrecom.com/images/products/3/LN_608503_BP_3.jpg,https://www.waitrose.com/ecom/products/waitrose-apple-salted-caramel/608503-825131-825132,Waitrose Apple & Salted Caramel,110g,£1.85,£1.69/100g,"£5 Food to Go Meal Deal: Add 1 Main, 1 Snack and 1 Drink",New
608007,Leafy Jungle Paper Straws PK24,G,false,627,https://ecom-su-static-prod.wtrecom.com/images/products/3/LN_608007_BP_3.jpg,https://www.waitrose.com/ecom/products/leafy-jungle-paper-straws-pk24/608007-825127-825128,Leafy Jungle Paper Straws PK24,1Each,£2.25,£2.25 each,,New
606197,Alpro Almond No Sugars Chilled Dairy Free Milk Alternative,G,false,628,https://ecom-su-static-prod.wtrecom.com/images/products/3/LN_606197_BP_3.jpg,https://www.waitrose.com/ecom/products/alpro-almond-no-sugars-chilled-dairy-free-milk-alternative/606197-826862-826863,Alpro Almond No Sugars Chilled Dairy Free Milk Alternative,500ml,£1.35,£2.70/litre,,New
603308,Emmi Caffè Latte Caramel,G,false,629,https://ecom-su-static-prod.wtrecom.com/images/products/3/LN_603308_BP_3.jpg,https://www.waitrose.com/ecom/products/emmi-caffe-latte-caramel/603308-826530-826531,Emmi Caffè Latte Caramel,230ml,£1.95,£8.48/litre,,New
602250,Leafy Jungle Paper Plates PK8,G,false,630,https://ecom-su-static-prod.wtrecom.com/images/products/3/LN_602250_BP_3.jpg,https://www.waitrose.com/ecom/products/leafy-jungle-paper-plates-pk8/602250-825121-825122,Leafy Jungle Paper Plates PK8,1Each,£2.75,£2.75 each,,New
601435,Waitrose Sparkling Elderflower & Apple Flavoured Water NAS,G,false,631,https://ecom-su-static-prod.wtrecom.com/images/products/3/LN_601435_BP_3.jpg,https://www.waitrose.com/ecom/products/waitrose-sparkling-elderflower-apple-flavoured-water-nas/601435-827473-827474,Waitrose Sparkling Elderflower & Apple Flavoured Water NAS,1litre,80p,8p/100ml,,New
599200,Homethings Washing Up Liquid Wild Rhubarb,G,false,632,https://ecom-su-static-prod.wtrecom.com/images/products/3/LN_599200_BP_3.jpg,https://www.waitrose.com/ecom/products/homethings-washing-up-liquid-wild-rhubarb/599200-825836-825837,Homethings Washing Up Liquid Wild Rhubarb,350ml,£4.00,£11.43/litre,,New
598397,The Solution Vitamin C Brightening Body Lotion,G,true,633,https://ecom-su-static-prod.wtrecom.com/images/products/3/LN_598397_BP_3.jpg,https://www.waitrose.com/ecom/products/the-solution-vitamin-c-brightening-body-lotion/598397-824818-824819,The Solution Vitamin C Brightening Body Lotion,200ml,£10.00,£5/100ml,Add 2 get 2nd half price,New
595773,Garnier Vitamin C Day Cream,G,true,634,https://ecom-su-static-prod.wtrecom.com/images/products/3/LN_595773_BP_3.jpg,https://www.waitrose.com/ecom/products/garnier-vitamin-c-day-cream/595773-824816-824817,Garnier Vitamin C Day Cream,50ml,£5.00,£10/100ml,Save 1/3. Was £7.50,New
594749,Bondi Sands Self Tan Foam Light,G,true,635,https://ecom-su-static-prod.wtrecom.com/images/products/3/LN_594749_BP_3.jpg,https://www.waitrose.com/ecom/products/bondi-sands-self-tan-foam-light/594749-824814-824815,Bondi Sands Self Tan Foam Light,200ml,£13.99,£7/100ml,save £3.51. Was £17.50,New
594087,Organix Banana & Plum Porridge,G,false,636,https://ecom-su-static-prod.wtrecom.com/images/products/3/LN_594087_BP_3.jpg,https://www.waitrose.com/ecom/products/organix-banana-plum-porridge/594087-826128-826129,Organix Banana & Plum Porridge,200g,£3.00,£1.50/100g,,New
593656,Brewdog Lucky Break,G,true,637,https://ecom-su-static-prod.wtrecom.com/images/products/3/LN_593656_BP_3.jpg,https://www.waitrose.com/ecom/products/brewdog-lucky-break/593656-826126-826127,Brewdog Lucky Break,440ml,£3.75,£8.53/litre,Mix & Match Add 5 for 4 Cheapest Item Free,New
592019,Waitrose Tuna & Cucumber Sub Roll,G,true,638,https://ecom-su-static-prod.wtrecom.com/images/products/3/LN_592019_BP_3.jpg,https://www.waitrose.com/ecom/products/waitrose-tuna-cucumber-sub-roll/592019-825111-825112,Waitrose Tuna & Cucumber Sub Roll,each,£3.90,£3.90 each,"£5 Food to Go Meal Deal: Add 1 Main, 1 Snack and 1 Drink",New
590142,Nivea Soft Moisturising Cream,G,false,639,https://ecom-su-static-prod.wtrecom.com/images/products/3/LN_590142_BP_3.jpg,https://www.waitrose.com/ecom/products/nivea-soft-moisturising-cream/590142-824812-824813,Nivea Soft Moisturising Cream,500ml,£11.50,£2.30/100ml,,New
586919,Waitrose Fiery Curry Paste,G,false,640,https://ecom-su-static-prod.wtrecom.com/images/products/3/LN_586919_BP_3.jpg,https://www.waitrose.com/ecom/products/waitrose-fiery-curry-paste/586919-824810-824811,Waitrose Fiery Curry Paste,180g,£2.00,£1.12/100g,,New
584545,Garnier Vitamin C Brightening Serum Cream SPF25,G,true,641,https://ecom-su-static-prod.wtrecom.com/images/products/3/LN_584545_BP_3.jpg,https://www.waitrose.com/ecom/products/garnier-vitamin-c-brightening-serum-cream-spf25/584545-824808-824809,Garnier Vitamin C Brightening Serum Cream SPF25,50ml,£7.33,£14.66/100ml,Save 1/3. Was £11.00,New
581943,Oxford Helix Maths Set,G,false,642,https://ecom-su-static-prod.wtrecom.com/images/products/3/LN_581943_BP_3.jpg,https://www.waitrose.com/ecom/products/oxford-helix-maths-set/581943-825103-825104,Oxford Helix Maths Set,1Each,£6.60,£6.60 each,,New
580305,PlantLiving: 'Nduja Style Fiorelli,G,false,643,https://ecom-su-static-prod.wtrecom.com/images/products/3/LN_580305_BP_3.jpg,https://www.waitrose.com/ecom/products/plantliving-nduja-style-fiorelli/580305-825101-825102,PlantLiving: 'Nduja Style Fiorelli,250g,£3.40,£1.36/100g,,New
571192,Butcher's Simply Gentle Dog Food Tins,G,false,644,https://ecom-su-static-prod.wtrecom.com/images/products/3/LN_571192_BP_3.jpg,https://www.waitrose.com/ecom/products/butchers-simply-gentle-dog-food-tins/571192-824798-824798,Butcher's Simply Gentle Dog Food Tins,6x390g,£6.00,£2.57/kg,,New
567357,Heinz Cheesy Beanz,G,true,645,https://ecom-su-static-prod.wtrecom.com/images/products/3/LN_567357_BP_3.jpg,https://www.waitrose.com/ecom/products/heinz-cheesy-beanz/567357-824492-824493,Heinz Cheesy Beanz,390g,£1.50,£3.85/kg,save 30p. Was £1.80,New
566122,Camden Lager Top,G,false,646,https://ecom-su-static-prod.wtrecom.com/images/products/3/LN_566122_BP_3.jpg,https://www.waitrose.com/ecom/products/camden-lager-top/566122-826122-826123,Camden Lager Top,4x330ml,£6.00,£4.55/litre,,New
565740,Badger Modern Classics,G,false,647,https://ecom-su-static-prod.wtrecom.com/images/products/3/LN_565740_BP_3.jpg,https://www.waitrose.com/ecom/products/badger-modern-classics/565740-826118-826118,Badger Modern Classics,6x500ml,£12.00,£4/litre,,New
557743,Bondi Sands Everyday Gradual Tanning Milk,G,true,648,https://ecom-su-static-prod.wtrecom.com/images/products/3/LN_557743_BP_3.jpg,https://www.waitrose.com/ecom/products/bondi-sands-everyday-gradual-tanning-milk/557743-824796-824797,Bondi Sands Everyday Gradual Tanning Milk,375ml,£11.59,£3.10/100ml,save £2.91. Was £14.50,New
555035,Ritter Sport Orange,G,false,649,https://ecom-su-static-prod.wtrecom.com/images/products/3/LN_555035_BP_3.jpg,https://www.waitrose.com/ecom/products/ritter-sport-orange/555035-825828-825829,Ritter Sport Orange,100g,£1.30,£1.30/100g,,New
553601,La Val Gran Anada,W,false,650,https://ecom-su-static-prod.wtrecom.com/images/products/3/LN_553601_BP_3.jpg,https://www.waitrose.com/ecom/products/la-val-gran-anada/553601-824490-824491,La Val Gran Anada,75cl,£29.99,£29.99/75cl,,New
549996,"Piccolo Organic Superboost Banana, Mango & Coconut",G,false,651,https://ecom-su-static-prod.wtrecom.com/images/products/3/LN_549996_BP_3.jpg,https://www.waitrose.com/ecom/products/piccolo-organic-superboost-banana-mango-coconut/549996-826114-826115,"Piccolo Organic Superboost Banana, Mango & Coconut",100g,£1.60,£1.60/100g,,New
549898,Brewdog Post Punk IPA,G,false,652,https://ecom-su-static-prod.wtrecom.com/images/products/3/LN_549898_BP_3.jpg,https://www.waitrose.com/ecom/products/brewdog-post-punk-ipa/549898-826112-826113,Brewdog Post Punk IPA,4x330ml,£6.50,£4.93/litre,,New
546344,James White Veg It Classic Vegetable Juice,G,true,653,https://ecom-su-static-prod.wtrecom.com/images/products/3/LN_546344_BP_3.jpg,https://www.waitrose.com/ecom/products/james-white-veg-it-classic-vegetable-juice/546344-827471-827472,James White Veg It Classic Vegetable Juice,1litre,£2.00,20p/100ml,Introductory Offer.Will be £2.85,New
545903,Ecover Bio Laundry Capsules 34W,G,true,654,https://ecom-su-static-prod.wtrecom.com/images/products/3/LN_545903_BP_3.jpg,https://www.waitrose.com/ecom/products/ecover-bio-laundry-capsules-34w/545903-825826-825827,Ecover Bio Laundry Capsules 34W,34each,£10.00,29.4p each,save £1.50. Was £11.50,New
545560,No.1 Large Greek Kalamata Olives,G,true,655,https://ecom-su-static-prod.wtrecom.com/images/products/3/LN_545560_BP_3.jpg,https://www.waitrose.com/ecom/products/no1-large-greek-kalamata-olives/545560-827469-827470,No.1 Large Greek Kalamata Olives,200g,£2.95,£24.59/kg,Introductory Offer.Will be £3.70,New
544025,Robinsons Ginger & Orange Cordial,G,true,656,https://ecom-su-static-prod.wtrecom.com/images/products/3/LN_544025_BP_3.jpg,https://www.waitrose.com/ecom/products/robinsons-ginger-orange-cordial/544025-824792-824793,Robinsons Ginger & Orange Cordial,500ml,£2.50,50p/100ml,save 65p. Was £3.15,New
542725,Homethings Washing Up Liquid Refill Wild Rhubarb,G,false,657,https://ecom-su-static-prod.wtrecom.com/images/products/3/LN_542725_BP_3.jpg,https://www.waitrose.com/ecom/products/homethings-washing-up-liquid-refill-wild-rhubarb/542725-825824-825825,Homethings Washing Up Liquid Refill Wild Rhubarb,350ml,£3.00,£8.58/litre,,New
541248,Organix Kids Crazy Carrot Crunchy Waves,G,false,658,https://ecom-su-static-prod.wtrecom.com/images/products/3/LN_541248_BP_3.jpg,https://www.waitrose.com/ecom/products/organix-kids-crazy-carrot-crunchy-waves/541248-826110-826111,Organix Kids Crazy Carrot Crunchy Waves,4x14g,£2.60,£4.65/100g,,New
540412,Nivea Biodegradable Cleansing Wipes,G,true,659,https://ecom-su-static-prod.wtrecom.com/images/products/3/LN_540412_BP_3.jpg,https://www.waitrose.com/ecom/products/nivea-biodegradable-cleansing-wipes/540412-824790-824791,Nivea Biodegradable Cleansing Wipes,25Each,£3.30,13.2p each,Mix & Match Add 2 for 1 Cheaper Item Free,New
537892,Califia Farms Extra Creamy Oat Milk Alternative,G,false,660,https://ecom-su-static-prod.wtrecom.com/images/products/3/LN_537892_BP_3.jpg,https://www.waitrose.com/ecom/products/califia-farms-extra-creamy-oat-milk-alternative/537892-826860-826861,Califia Farms Extra Creamy Oat Milk Alternative,750ml,£2.50,£3.34/litre,,New
536228,Doughlicious Chocolate Chip Ready to Bake Cookie Dough,G,false,661,https://ecom-su-static-prod.wtrecom.com/images/products/3/LN_536228_BP_3.jpg,https://www.waitrose.com/ecom/products/doughlicious-chocolate-chip-ready-to-bake-cookie-dough/536228-826526-826527,Doughlicious Chocolate Chip Ready to Bake Cookie Dough,6x34g,£3.00,£14.71/kg,,New
534831,Prai Menoglow Super Hydrating Sleep Creme,G,false,662,https://ecom-su-static-prod.wtrecom.com/images/products/3/LN_534831_BP_3.jpg,https://www.waitrose.com/ecom/products/prai-menoglow-super-hydrating-sleep-creme/534831-824788-824789,Prai Menoglow Super Hydrating Sleep Creme,50ml,£33.00,£66/100ml,,New
534365,Olay Retinol 24 Regenerist Normal Night Face Serum,G,true,663,https://ecom-su-static-prod.wtrecom.com/images/products/3/LN_534365_BP_3.jpg,https://www.waitrose.com/ecom/products/olay-retinol-24-regenerist-normal-night-face-serum/534365-824786-824787,Olay Retinol 24 Regenerist Normal Night Face Serum,40ml,£19.00,£47.50/100ml,Half Price. Was £38.00,New
533801,Prai MenoGlow Collagen Boosting Cremegel Moisturiser,G,false,664,https://ecom-su-static-prod.wtrecom.com/images/products/3/LN_533801_BP_3.jpg,https://www.waitrose.com/ecom/products/prai-menoglow-collagen-boosting-cremegel-moisturiser/533801-824784-824785,Prai MenoGlow Collagen Boosting Cremegel Moisturiser,50ml,£30.00,£60/100ml,,New
530221,Nivea Cellular Luminous 630 Anti Dark-Spot Night Cream,G,false,665,https://ecom-su-static-prod.wtrecom.com/images/products/3/LN_530221_BP_3.jpg,https://www.waitrose.com/ecom/products/nivea-cellular-luminous-630-anti-dark-spot-night-cream/530221-824782-824783,Nivea Cellular Luminous 630 Anti Dark-Spot Night Cream,50ml,£27.00,£54/100ml,,New
530047,Nivea Biodegradable Cleansing Wipes,G,true,666,https://ecom-su-static-prod.wtrecom.com/images/products/3/LN_530047_BP_3.jpg,https://www.waitrose.com/ecom/products/nivea-biodegradable-cleansing-wipes/530047-824780-824781,Nivea Biodegradable Cleansing Wipes,25Each,£4.20,16.8p each,Mix & Match Add 2 for 1 Cheaper Item Free,New
529865,Super Facialist Vitamin C+ Overnight Resync Night Cream,G,false,667,https://ecom-su-static-prod.wtrecom.com/images/products/3/LN_529865_BP_3.jpg,https://www.waitrose.com/ecom/products/super-facialist-vitamin-c-overnight-resync-night-cream/529865-824778-824779,Super Facialist Vitamin C+ Overnight Resync Night Cream,50ml,£20.00,£40/100ml,,New
528007,No.1 Chilli & Tomato Jam,G,true,668,https://ecom-su-static-prod.wtrecom.com/images/products/3/LN_528007_BP_3.jpg,https://www.waitrose.com/ecom/products/no1-chilli-tomato-jam/528007-827467-827468,No.1 Chilli & Tomato Jam,120g,£2.40,£2/100g,Introductory Offer.Will be £3.00,New
526330,Loved & Found Aglianico Rosato Organic IGP Puglia Rosé,W,false,669,https://ecom-su-static-prod.wtrecom.com/images/products/3/LN_526330_BP_3.jpg,https://www.waitrose.com/ecom/products/loved-found-aglianico-rosato-organic-igp-puglia-rose/526330-824488-824489,Loved & Found Aglianico Rosato Organic IGP Puglia Rosé,75cl,£8.99,£8.99/75cl,,New
523968,Waitrose Caprese Inspired Aperitivo Platter,G,false,670,https://ecom-su-static-prod.wtrecom.com/images/products/3/LN_523968_BP_3.jpg,https://www.waitrose.com/ecom/products/waitrose-caprese-inspired-aperitivo-platter/523968-824559-824559,Waitrose Caprese Inspired Aperitivo Platter,345g,£10.00,£2.90/100g,,New
519662,Häagen-Dazs Bites Chocolate Ice Cream,G,true,671,https://ecom-su-static-prod.wtrecom.com/images/products/3/LN_519662_BP_3.jpg,https://www.waitrose.com/ecom/products/haagen-dazs-bites-chocolate-ice-cream/519662-824359-824360,Häagen-Dazs Bites Chocolate Ice Cream,128ml,£3.50,£2.74/100ml,save £1.50. Was £5.00,New
519026,Waitrose Cheese Layered Salad,G,true,672,https://ecom-su-static-prod.wtrecom.com/images/products/3/LN_519026_BP_3.jpg,https://www.waitrose.com/ecom/products/waitrose-cheese-layered-salad/519026-825075-825076,Waitrose Cheese Layered Salad,220g,£3.00,£1.37/100g,"£5 Food to Go Meal Deal: Add 1 Main, 1 Snack and 1 Drink",New
516651,L'Oreal Bright Reveal Serum,G,false,673,https://ecom-su-static-prod.wtrecom.com/images/products/3/LN_516651_BP_3.jpg,https://www.waitrose.com/ecom/products/loreal-bright-reveal-serum/516651-824776-824777,L'Oreal Bright Reveal Serum,30ml,£32.00,£106.67/100ml,,New
510485,Essential Cooked Chicken Breast Pieces,G,true,674,https://ecom-su-static-prod.wtrecom.com/images/products/3/LN_510485_BP_3.jpg,https://www.waitrose.com/ecom/products/essential-cooked-chicken-breast-pieces/510485-827196-827197,Essential Cooked Chicken Breast Pieces,240g,£3.50,£1.46/100g,New Line,New
508366,Comfort Fabric Conditioner Heavenly Fresh 64w,G,true,675,https://ecom-su-static-prod.wtrecom.com/images/products/3/LN_508366_BP_3.jpg,https://www.waitrose.com/ecom/products/comfort-fabric-conditioner-heavenly-fresh-64w/508366-825818-825819,Comfort Fabric Conditioner Heavenly Fresh 64w,960ml,£4.00,£4.17/litre,20% Off. Was £5.00,New
507845,Waitrose Jerk Chicken Thighs,G,true,676,https://ecom-su-static-prod.wtrecom.com/images/products/3/LN_507845_BP_3.jpg,https://www.waitrose.com/ecom/products/waitrose-jerk-chicken-thighs/507845-827194-827195,Waitrose Jerk Chicken Thighs,435g,£4.35,£10/kg,New Line,New
506951,Harringtons Adult Dog Food Superfoods Salmon,G,false,677,https://ecom-su-static-prod.wtrecom.com/images/products/3/LN_506951_BP_3.jpg,https://www.waitrose.com/ecom/products/harringtons-adult-dog-food-superfoods-salmon/506951-824772-824773,Harringtons Adult Dog Food Superfoods Salmon,1.7Kg,£6.80,£4/kg,,New
506009,Harringtons Adult Dog Food Salmon,G,true,678,https://ecom-su-static-prod.wtrecom.com/images/products/3/LN_506009_BP_3.jpg,https://www.waitrose.com/ecom/products/harringtons-adult-dog-food-salmon/506009-824770-824771,Harringtons Adult Dog Food Salmon,1.7Kg,£4.50,£2.65/kg,save 95p. Was £5.45,New
499391,Ritter Sport White Whole Hazelnuts,G,false,679,https://ecom-su-static-prod.wtrecom.com/images/products/3/LN_499391_BP_3.jpg,https://www.waitrose.com/ecom/products/ritter-sport-white-whole-hazelnuts/499391-825814-825815,Ritter Sport White Whole Hazelnuts,100g,£1.85,£1.85/100g,,New
499338,Waitrose Plant Living No Chorizo Sausages,G,false,680,https://ecom-su-static-prod.wtrecom.com/images/products/3/LN_499338_BP_3.jpg,https://www.waitrose.com/ecom/products/waitrose-plant-living-no-chorizo-sausages/499338-825069-825070,Waitrose Plant Living No Chorizo Sausages,280g,£2.75,98.2p/100g,,New
499123,Cooks' Ingredients Crushed Chilli,G,false,681,https://ecom-su-static-prod.wtrecom.com/images/products/3/LN_499123_BP_3.jpg,https://www.waitrose.com/ecom/products/cooks-ingredients-crushed-chilli/499123-824768-824769,Cooks' Ingredients Crushed Chilli,180g,£2.50,18.5p/10g,,New
498472,Neutrogena Clear & Defend Facial Scrub,G,true,682,https://ecom-su-static-prod.wtrecom.com/images/products/3/LN_498472_BP_3.jpg,https://www.waitrose.com/ecom/products/neutrogena-clear-defend-facial-scrub/498472-824766-824767,Neutrogena Clear & Defend Facial Scrub,150ml,£4.00,£2.67/100ml,Save 1/3. Was £6.00,New
498068,Jimmy's Iced Coffee Mocha,G,false,683,https://ecom-su-static-prod.wtrecom.com/images/products/3/LN_498068_BP_3.jpg,https://www.waitrose.com/ecom/products/jimmys-iced-coffee-mocha/498068-826524-826525,Jimmy's Iced Coffee Mocha,380ml,£3.00,£7.90/litre,,New
495755,L'Oreal Revitalift Filler Day Cream SPF50,G,false,684,https://ecom-su-static-prod.wtrecom.com/images/products/3/LN_495755_BP_3.jpg,https://www.waitrose.com/ecom/products/loreal-revitalift-filler-day-cream-spf50/495755-824762-824763,L'Oreal Revitalift Filler Day Cream SPF50,50ml,£25.00,£50/100ml,,New
495512,Essential Garlic & Herb Dressing,G,false,685,https://ecom-su-static-prod.wtrecom.com/images/products/3/LN_495512_BP_3.jpg,https://www.waitrose.com/ecom/products/essential-garlic-herb-dressing/495512-826738-826739,Essential Garlic & Herb Dressing,250ml,£1.10,44p/100ml,,New
493900,Aveeno Face Calm & Restore Night Cream,G,false,686,https://ecom-su-static-prod.wtrecom.com/images/products/3/LN_493900_BP_3.jpg,https://www.waitrose.com/ecom/products/aveeno-face-calm-restore-night-cream/493900-824760-824761,Aveeno Face Calm & Restore Night Cream,50ml,£13.00,£26/100ml,,New
493811,L'Oreal Bright Reveal SPF50+ Cream,G,false,687,https://ecom-su-static-prod.wtrecom.com/images/products/3/LN_493811_BP_3.jpg,https://www.waitrose.com/ecom/products/loreal-bright-reveal-spf50-cream/493811-824758-824759,L'Oreal Bright Reveal SPF50+ Cream,50ml,£30.00,£60/100ml,,New
493427,Persil Wonder Wash Bio Ultra Care Liquid 55W,G,false,688,https://ecom-su-static-prod.wtrecom.com/images/products/3/LN_493427_BP_3.jpg,https://www.waitrose.com/ecom/products/persil-wonder-wash-bio-ultra-care-liquid-55w/493427-825810-825811,Persil Wonder Wash Bio Ultra Care Liquid 55W,1485ml,£10.00,£6.74/litre,,New
492926,Encona Canadian Maple Chilli Jam,G,false,689,https://ecom-su-static-prod.wtrecom.com/images/products/3/LN_492926_BP_3.jpg,https://www.waitrose.com/ecom/products/encona-canadian-maple-chilli-jam/492926-826736-826737,Encona Canadian Maple Chilli Jam,285ml,£2.00,70.2p/100ml,,New
492431,Galaxy Milk Bar,G,false,690,https://ecom-su-static-prod.wtrecom.com/images/products/3/LN_492431_BP_3.jpg,https://www.waitrose.com/ecom/products/galaxy-milk-bar/492431-825808-825809,Galaxy Milk Bar,42g,85p,£2.03/100g,,New
490227,FIX8 Strawberry Basil Kombucha,G,true,691,https://ecom-su-static-prod.wtrecom.com/images/products/3/LN_490227_BP_3.jpg,https://www.waitrose.com/ecom/products/fix8-strawberry-basil-kombucha/490227-825065-825066,FIX8 Strawberry Basil Kombucha,250ml,£1.80,72p/100ml,"£5 Food to Go Meal Deal: Add 1 Main, 1 Snack and 1 Drink",New
489379,Jimmy's Iced Coffee Mocha,G,true,692,https://ecom-su-static-prod.wtrecom.com/images/products/3/LN_489379_BP_3.jpg,https://www.waitrose.com/ecom/products/jimmys-iced-coffee-mocha/489379-826522-826523,Jimmy's Iced Coffee Mocha,250ml,£1.00,£4/litre,save 80p. Was £1.80,New
488768,Dr.PAWPAW Lip Balm SPF 20,G,true,693,https://ecom-su-static-prod.wtrecom.com/images/products/3/LN_488768_BP_3.jpg,https://www.waitrose.com/ecom/products/drpawpaw-lip-balm-spf-20/488768-824756-824757,Dr.PAWPAW Lip Balm SPF 20,8ml,£5.00,£62.50/100ml,Add 2 get 2nd half price Cheaper Item Half Price,New
487002,Hellmann's Squeezy Ketchup,G,false,694,https://ecom-su-static-prod.wtrecom.com/images/products/3/LN_487002_BP_3.jpg,https://www.waitrose.com/ecom/products/hellmanns-squeezy-ketchup/487002-826520-826521,Hellmann's Squeezy Ketchup,750ml,£3.50,46.7p/100ml,,New
486997,Fourpure Juiced Passionfruit & Lime,G,true,695,https://ecom-su-static-prod.wtrecom.com/images/products/3/LN_486997_BP_3.jpg,https://www.waitrose.com/ecom/products/fourpure-juiced-passionfruit-lime/486997-826106-826107,Fourpure Juiced Passionfruit & Lime,440ml,£2.50,£5.69/litre,Mix & Match Add 5 for 4 Cheapest Item Free,New
486402,Waitrose Carrot & Houmous,G,true,696,https://ecom-su-static-prod.wtrecom.com/images/products/3/LN_486402_BP_3.jpg,https://www.waitrose.com/ecom/products/waitrose-carrot-houmous/486402-825061-825062,Waitrose Carrot & Houmous,110g,£1.50,£1.37/100g,"£5 Food to Go Meal Deal: Add 1 Main, 1 Snack and 1 Drink",New
485355,ManCave Texturising Hair Paste,G,false,697,https://ecom-su-static-prod.wtrecom.com/images/products/3/LN_485355_BP_3.jpg,https://www.waitrose.com/ecom/products/mancave-texturising-hair-paste/485355-826104-826105,ManCave Texturising Hair Paste,75ml,£9.00,£12/100ml,,New
485074,Nivea Moisturising Night Cream,G,true,698,https://ecom-su-static-prod.wtrecom.com/images/products/3/LN_485074_BP_3.jpg,https://www.waitrose.com/ecom/products/nivea-moisturising-night-cream/485074-824754-824755,Nivea Moisturising Night Cream,50ml,£3.33,£6.66/100ml,Save 1/3. Was £5.00,New
480944,JUBEL Beer cut with Grapefruit,G,false,699,https://ecom-su-static-prod.wtrecom.com/images/products/3/LN_480944_BP_3.jpg,https://www.waitrose.com/ecom/products/jubel-beer-cut-with-grapefruit/480944-826102-826103,JUBEL Beer cut with Grapefruit,330ml,£2.10,£6.37/litre,,New
478865,Persil Wonder Wash Non Bio Speed Clean Liquid 55W,G,false,700,https://ecom-su-static-prod.wtrecom.com/images/products/3/LN_478865_BP_3.jpg,https://www.waitrose.com/ecom/products/persil-wonder-wash-non-bio-speed-clean-liquid-55w/478865-825804-825805,Persil Wonder Wash Non Bio Speed Clean Liquid 55W,1485ml,£10.00,£6.74/litre,,New
477923,Alpro Oat Original Chilled Dairy Free Milk Alternative,G,false,701,https://ecom-su-static-prod.wtrecom.com/images/products/3/LN_477923_BP_3.jpg,https://www.waitrose.com/ecom/products/alpro-oat-original-chilled-dairy-free-milk-alternative/477923-826858-826859,Alpro Oat Original Chilled Dairy Free Milk Alternative,500ml,£1.35,£2.70/litre,,New
476475,Robinsons Double Concentrate NAS Summer Fruits Squash,G,true,702,https://ecom-su-static-prod.wtrecom.com/images/products/3/LN_476475_BP_3.jpg,https://www.waitrose.com/ecom/products/robinsons-double-concentrate-nas-summer-fruits-squash/476475-824752-824753,Robinsons Double Concentrate NAS Summer Fruits Squash,750ml,£1.25,16.7p/100ml,save 75p. Was £2.00,New
474187,Olay Complete Day Cream Sensitive SPF15,G,false,703,https://ecom-su-static-prod.wtrecom.com/images/products/3/LN_474187_BP_3.jpg,https://www.waitrose.com/ecom/products/olay-complete-day-cream-sensitive-spf15/474187-824750-824751,Olay Complete Day Cream Sensitive SPF15,50ml,£14.00,£28/100ml,,New
473906,Whole Earth Team GB Protein Crunch,G,false,704,https://ecom-su-static-prod.wtrecom.com/images/products/3/LN_473906_BP_3.jpg,https://www.waitrose.com/ecom/products/whole-earth-team-gb-protein-crunch/473906-825800-825801,Whole Earth Team GB Protein Crunch,340g,£3.99,£1.18/100g,,New
473121,Red Bull Sugar Free Variety Pack,G,false,705,https://ecom-su-static-prod.wtrecom.com/images/products/3/LN_473121_BP_3.jpg,https://www.waitrose.com/ecom/products/red-bull-sugar-free-variety-pack/473121-827462-827462,Red Bull Sugar Free Variety Pack,8x250ml,£9.25,46.3p/100ml,,New
471993,Flavour Hacks Sundried Tomato Paste,G,true,706,https://ecom-su-static-prod.wtrecom.com/images/products/3/LN_471993_BP_3.jpg,https://www.waitrose.com/ecom/products/flavour-hacks-sundried-tomato-paste/471993-824748-824749,Flavour Hacks Sundried Tomato Paste,130g,£2.35,£1.81/100g,20% Off. Was £2.95,New
471551,Halo Top Honeycomb Crunch Ice Cream,G,true,707,https://ecom-su-static-prod.wtrecom.com/images/products/3/LN_471551_BP_3.jpg,https://www.waitrose.com/ecom/products/halo-top-honeycomb-crunch-ice-cream/471551-824347-824348,Halo Top Honeycomb Crunch Ice Cream,460ml,£4.00,87p/100ml,save £1.50. Was £5.50,New
463143,Coca-Cola Original Taste,G,true,708,https://ecom-su-static-prod.wtrecom.com/images/products/3/LN_463143_BP_3.jpg,https://www.waitrose.com/ecom/products/coca-cola-original-taste/463143-825049-825050,Coca-Cola Original Taste,330ml,£1.20,36.4p/100ml,"£5 Food to Go Meal Deal: Add 1 Main, 1 Snack and 1 Drink",New
458830,FIX8 Sicilian Citrus Kombucha,G,true,709,https://ecom-su-static-prod.wtrecom.com/images/products/3/LN_458830_BP_3.jpg,https://www.waitrose.com/ecom/products/fix8-sicilian-citrus-kombucha/458830-825041-825042,FIX8 Sicilian Citrus Kombucha,250ml,£1.80,72p/100ml,"£5 Food to Go Meal Deal: Add 1 Main, 1 Snack and 1 Drink",New
458346,Waitrose Plant Living Loaded Vegetable Kebabs,G,false,710,https://ecom-su-static-prod.wtrecom.com/images/products/3/LN_458346_BP_3.jpg,https://www.waitrose.com/ecom/products/waitrose-plant-living-loaded-vegetable-kebabs/458346-825037-825038,Waitrose Plant Living Loaded Vegetable Kebabs,264g,£2.60,98.5p/100g,,New
458008,Hellmann's Squeezy Ketchup,G,false,711,https://ecom-su-static-prod.wtrecom.com/images/products/3/LN_458008_BP_3.jpg,https://www.waitrose.com/ecom/products/hellmanns-squeezy-ketchup/458008-826518-826519,Hellmann's Squeezy Ketchup,430ml,£2.50,58.1p/100ml,,New
448393,Small Beer Pale Ale Bottles,G,false,712,https://ecom-su-static-prod.wtrecom.com/images/products/3/LN_448393_BP_3.jpg,https://www.waitrose.com/ecom/products/small-beer-pale-ale-bottles/448393-826096-826097,Small Beer Pale Ale Bottles,6x350ml,£12.95,£6.17/litre,,New
444496,Birds Eye Supersweet Sweetcorn,G,true,713,https://ecom-su-static-prod.wtrecom.com/images/products/3/LN_444496_BP_3.jpg,https://www.waitrose.com/ecom/products/birds-eye-supersweet-sweetcorn/444496-824341-824342,Birds Eye Supersweet Sweetcorn,640g,£3.15,£4.93/kg,Add 2 for £4.50,New
441828,Pots & Co Milk Chocolate Ganache,G,false,714,https://ecom-su-static-prod.wtrecom.com/images/products/3/LN_441828_BP_3.jpg,https://www.waitrose.com/ecom/products/pots-co-milk-chocolate-ganache/441828-825029-825030,Pots & Co Milk Chocolate Ganache,4x45g,£3.50,£1.95/100g,,New
441299,Betty Crocker Rainbow Cookie Mix,G,false,715,https://ecom-su-static-prod.wtrecom.com/images/products/3/LN_441299_BP_3.jpg,https://www.waitrose.com/ecom/products/betty-crocker-rainbow-cookie-mix/441299-827114-827115,Betty Crocker Rainbow Cookie Mix,495g,£3.15,£6.37/kg,,New
438028,Häagen-Dazs Caramel Lotus Biscuit & Cream Ice Cream,G,true,716,https://ecom-su-static-prod.wtrecom.com/images/products/3/LN_438028_BP_3.jpg,https://www.waitrose.com/ecom/products/haagen-dazs-caramel-lotus-biscuit-cream-ice-cream/438028-824339-824340,Häagen-Dazs Caramel Lotus Biscuit & Cream Ice Cream,460ml,£3.75,81.5p/100ml,save £1.85. Was £5.60,New
435607,Jimmy's Iced Coffee Original,G,true,717,https://ecom-su-static-prod.wtrecom.com/images/products/3/LN_435607_BP_3.jpg,https://www.waitrose.com/ecom/products/jimmys-iced-coffee-original/435607-826516-826517,Jimmy's Iced Coffee Original,250ml,£1.00,£4/litre,save 80p. Was £1.80,New
434993,Baylis & Harding EDIT Cherry Temptation Body Wash,G,false,718,https://ecom-su-static-prod.wtrecom.com/images/products/3/LN_434993_BP_3.jpg,https://www.waitrose.com/ecom/products/baylis-harding-edit-cherry-temptation-body-wash/434993-825493-825494,Baylis & Harding EDIT Cherry Temptation Body Wash,400ml,£4.00,£1/100ml,,New
429886,WHISKAS 2-12 Months Cat Pouches Poultry Feasts in Jelly,G,false,719,https://ecom-su-static-prod.wtrecom.com/images/products/3/LN_429886_BP_3.jpg,https://www.waitrose.com/ecom/products/whiskas-2-12-months-cat-pouches-poultry-feasts-in-jelly/429886-824741-824741,WHISKAS 2-12 Months Cat Pouches Poultry Feasts in Jelly,12x85g,£4.75,£4.66/kg,,New
424057,No.1 Caramelised Shallot Dip,G,true,720,https://ecom-su-static-prod.wtrecom.com/images/products/3/LN_424057_BP_3.jpg,https://www.waitrose.com/ecom/products/no1-caramelised-shallot-dip/424057-827188-827189,No.1 Caramelised Shallot Dip,170g,£2.28,£1.35/100g,Introductory Offer.Will be £2.85,New
423738,Gü Milk Chocolate Mousse & Ganache Desserts,G,false,721,https://ecom-su-static-prod.wtrecom.com/images/products/3/LN_423738_BP_3.jpg,https://www.waitrose.com/ecom/products/gu-milk-chocolate-mousse-ganache-desserts/423738-825017-825018,Gü Milk Chocolate Mousse & Ganache Desserts,2x70g,£2.95,£2.11/100g,,New
417431,Aveeno Skin Renewal Firming Lotion,G,true,722,https://ecom-su-static-prod.wtrecom.com/images/products/3/LN_417431_BP_3.jpg,https://www.waitrose.com/ecom/products/aveeno-skin-renewal-firming-lotion/417431-824739-824740,Aveeno Skin Renewal Firming Lotion,300ml,£10.00,,Save 1/3. Was £15.00,New
416567,Butcher's Tripe Dog Food Tin,G,false,723,https://ecom-su-static-prod.wtrecom.com/images/products/3/LN_416567_BP_3.jpg,https://www.waitrose.com/ecom/products/butchers-tripe-dog-food-tin/416567-824737-824738,Butcher's Tripe Dog Food Tin,400g,£1.15,£2.88/kg,,New
415785,E45 Face Night Cream,G,false,724,https://ecom-su-static-prod.wtrecom.com/images/products/3/LN_415785_BP_3.jpg,https://www.waitrose.com/ecom/products/e45-face-night-cream/415785-824735-824736,E45 Face Night Cream,50ml,£15.00,£30/100ml,,New
415105,Iced Noah Narwhal Cookie,G,false,725,https://ecom-su-static-prod.wtrecom.com/images/products/3/LN_415105_BP_3.jpg,https://www.waitrose.com/ecom/products/iced-noah-narwhal-cookie/415105-824436-824437,Iced Noah Narwhal Cookie,50g,£1.75,£3.50/100g,,New
410966,Nip+Fab Hyaluronic Fix Extreme4 2% Hydration Serum,G,true,726,https://ecom-su-static-prod.wtrecom.com/images/products/3/LN_410966_BP_3.jpg,https://www.waitrose.com/ecom/products/nipfab-hyaluronic-fix-extreme4-2-hydration-serum/410966-824733-824734,Nip+Fab Hyaluronic Fix Extreme4 2% Hydration Serum,50ml,£13.33,£26.66/100ml,Save 1/3. Was £20.00,New
410292,Age Perfect Cell Renew Midnight Eye Cream,G,false,727,https://ecom-su-static-prod.wtrecom.com/images/products/3/LN_410292_BP_3.jpg,https://www.waitrose.com/ecom/products/age-perfect-cell-renew-midnight-eye-cream/410292-824731-824732,Age Perfect Cell Renew Midnight Eye Cream,15ml,£30.00,£200/100ml,,New
404056,Nip+Fab Ceramide Fix 12% Serum,G,true,728,https://ecom-su-static-prod.wtrecom.com/images/products/3/LN_404056_BP_3.jpg,https://www.waitrose.com/ecom/products/nipfab-ceramide-fix-12-serum/404056-824726-824727,Nip+Fab Ceramide Fix 12% Serum,50ml,£19.95,£39.90/100ml,Save 1/3. Was £30.00,New
402905,Sharpe's Command,G,false,729,https://ecom-su-static-prod.wtrecom.com/images/products/3/LN_402905_BP_3.jpg,https://www.waitrose.com/ecom/products/sharpes-command/402905-825972-825973,Sharpe's Command,1Each,£6.99,£6.99 each,,New
401855,WTrue Espresso Martini Shake,G,true,730,https://ecom-su-static-prod.wtrecom.com/images/products/3/LN_401855_BP_3.jpg,https://www.waitrose.com/ecom/products/wtrue-espresso-martini-shake/401855-826094-826095,WTrue Espresso Martini Shake,440ml,£3.25,£7.39/litre,Mix & Match Add 5 for 4 Cheapest Item Free,New
400371,Neal's Yard Rejuvenating Frankincense Refining Cleanser,G,false,731,https://ecom-su-static-prod.wtrecom.com/images/products/3/LN_400371_BP_3.jpg,https://www.waitrose.com/ecom/products/neals-yard-rejuvenating-frankincense-refining-cleanser/400371-824724-824725,Neal's Yard Rejuvenating Frankincense Refining Cleanser,100ml,£20.00,£20/100ml,,New
398633,Baylis & Harding Royale Garden Rose & Vanilla Body Wash,G,true,732,https://ecom-su-static-prod.wtrecom.com/images/products/3/LN_398633_BP_3.jpg,https://www.waitrose.com/ecom/products/baylis-harding-royale-garden-rose-vanilla-body-wash/398633-825486-825487,Baylis & Harding Royale Garden Rose & Vanilla Body Wash,500ml,£2.25,45p/100ml,25% Off. Was £3.00,New
396944,The Summer Swap,G,false,733,https://ecom-su-static-prod.wtrecom.com/images/products/3/LN_396944_BP_3.jpg,https://www.waitrose.com/ecom/products/the-summer-swap/396944-826564-826565,The Summer Swap,1Each,£6.99,£6.99 each,,New
396613,Dr Squatch Pine Tar Deodorant,G,false,734,https://ecom-su-static-prod.wtrecom.com/images/products/3/LN_396613_BP_3.jpg,https://www.waitrose.com/ecom/products/dr-squatch-pine-tar-deodorant/396613-826092-826093,Dr Squatch Pine Tar Deodorant,75g,£12.99,£17.32/100g,,New
393515,Yumma Candy Strawberry Fizz,G,false,735,https://ecom-su-static-prod.wtrecom.com/images/products/3/LN_393515_BP_3.jpg,https://www.waitrose.com/ecom/products/yumma-candy-strawberry-fizz/393515-825792-825793,Yumma Candy Strawberry Fizz,138g,£3.00,£2.18/100g,,New
392405,Dove Women Antiperspirant Roll On Classic,G,true,736,https://ecom-su-static-prod.wtrecom.com/images/products/3/LN_392405_BP_3.jpg,https://www.waitrose.com/ecom/products/dove-women-antiperspirant-roll-on-classic/392405-826730-826731,Dove Women Antiperspirant Roll On Classic,50ml,£1.95,£3.90/100ml,save 30p. Was £2.25,New
391479,KIND Chocolate Chip Cashew 3 Bars,G,true,737,https://ecom-su-static-prod.wtrecom.com/images/products/3/LN_391479_BP_3.jpg,https://www.waitrose.com/ecom/products/kind-chocolate-chip-cashew-3-bars/391479-826728-826729,KIND Chocolate Chip Cashew 3 Bars,3x30g,£2.00,£2.23/100g,save £1.15. Was £3.15,New
391270,Double-Barrelled Kitchen Disco IPA,G,true,738,https://ecom-su-static-prod.wtrecom.com/images/products/3/LN_391270_BP_3.jpg,https://www.waitrose.com/ecom/products/double-barrelled-kitchen-disco-ipa/391270-826088-826089,Double-Barrelled Kitchen Disco IPA,440ml,£3.50,£7.96/litre,Mix & Match Add 5 for 4 Cheapest Item Free,New
390688,Sanex Dermo Extra Control Antiperspirant Spray,G,false,739,https://ecom-su-static-prod.wtrecom.com/images/products/3/LN_390688_BP_3.jpg,https://www.waitrose.com/ecom/products/sanex-dermo-extra-control-antiperspirant-spray/390688-826726-826727,Sanex Dermo Extra Control Antiperspirant Spray,200ml,£3.20,£1.60/100ml,,New
390262,Who She Was,G,false,740,https://ecom-su-static-prod.wtrecom.com/images/products/3/LN_390262_BP_3.jpg,https://www.waitrose.com/ecom/products/who-she-was/390262-824662-824663,Who She Was,1Each,£6.99,£6.99 each,,New
387312,Dove Women Antiperspirant Roll On Fresh,G,true,741,https://ecom-su-static-prod.wtrecom.com/images/products/3/LN_387312_BP_3.jpg,https://www.waitrose.com/ecom/products/dove-women-antiperspirant-roll-on-fresh/387312-826724-826725,Dove Women Antiperspirant Roll On Fresh,50ml,£1.95,£3.90/100ml,save 30p. Was £2.25,New
384425,The Fast 800 Treats,G,false,742,https://ecom-su-static-prod.wtrecom.com/images/products/3/LN_384425_BP_3.jpg,https://www.waitrose.com/ecom/products/the-fast-800-treats/384425-824660-824661,The Fast 800 Treats,1Each,£13.00,£13 each,,New
384230,Galaxy Chocolate Cake Bars,G,false,743,https://ecom-su-static-prod.wtrecom.com/images/products/3/LN_384230_BP_3.jpg,https://www.waitrose.com/ecom/products/galaxy-chocolate-cake-bars/384230-826844-826845,Galaxy Chocolate Cake Bars,5s,£2.25,45p each,,New
383001,Naturals Lemon Zest Body Wash,G,false,744,https://ecom-su-static-prod.wtrecom.com/images/products/3/LN_383001_BP_3.jpg,https://www.waitrose.com/ecom/products/naturals-lemon-zest-body-wash/383001-825482-825483,Naturals Lemon Zest Body Wash,300ml,£4.75,£1.59/100ml,,New
382813,"Aqua Libra Cucumber, Mint & Lime Sparkling Water",G,false,745,https://ecom-su-static-prod.wtrecom.com/images/products/3/LN_382813_BP_3.jpg,https://www.waitrose.com/ecom/products/aqua-libra-cucumber-mint-lime-sparkling-water/382813-827456-827457,"Aqua Libra Cucumber, Mint & Lime Sparkling Water",4x330ml,£3.50,26.5p/100ml,,New
380859,Oakham Ales Green Devil IPA,G,false,746,https://ecom-su-static-prod.wtrecom.com/images/products/3/LN_380859_BP_3.jpg,https://www.waitrose.com/ecom/products/oakham-ales-green-devil-ipa/380859-826082-826083,Oakham Ales Green Devil IPA,500ml,£2.25,£4.50/litre,,New
380425,Rock Face Face Scrub,G,true,747,https://ecom-su-static-prod.wtrecom.com/images/products/3/LN_380425_BP_3.jpg,https://www.waitrose.com/ecom/products/rock-face-face-scrub/380425-826080-826081,Rock Face Face Scrub,100ml,£3.65,£3.65/100ml,Save 1/3. Was £5.50,New
378191,Bluey Perfect Father's Day,G,false,748,https://ecom-su-static-prod.wtrecom.com/images/products/3/LN_378191_BP_3.jpg,https://www.waitrose.com/ecom/products/bluey-perfect-fathers-day/378191-824658-824659,Bluey Perfect Father's Day,each,£5.99,£5.99 each,,New
377288,Heath Sensitive Face Wash,G,false,749,https://ecom-su-static-prod.wtrecom.com/images/products/3/LN_377288_BP_3.jpg,https://www.waitrose.com/ecom/products/heath-sensitive-face-wash/377288-826076-826077,Heath Sensitive Face Wash,100ml,£14.00,£14/100ml,,New
376204,Monster Energy Aussie Lemonade,G,true,750,https://ecom-su-static-prod.wtrecom.com/images/products/3/LN_376204_BP_3.jpg,https://www.waitrose.com/ecom/products/monster-energy-aussie-lemonade/376204-827454-827455,Monster Energy Aussie Lemonade,4x500ml,£5.00,0.1p/100ml,save 95p. Was £5.95,New
374515,Waitrose Ready To Bake 4 All Butter Cinnamon Swirls,G,true,751,https://ecom-su-static-prod.wtrecom.com/images/products/3/LN_374515_BP_3.jpg,https://www.waitrose.com/ecom/products/waitrose-ready-to-bake-4-all-butter-cinnamon-swirls/374515-827450-827451,Waitrose Ready To Bake 4 All Butter Cinnamon Swirls,360g,£2.60,£7.23/kg,Introductory Offer.Will be £3.30,New
373564,Baylis & Harding EDIT Neroli Sands Hand Wash,G,false,752,https://ecom-su-static-prod.wtrecom.com/images/products/3/LN_373564_BP_3.jpg,https://www.waitrose.com/ecom/products/baylis-harding-edit-neroli-sands-hand-wash/373564-825474-825475,Baylis & Harding EDIT Neroli Sands Hand Wash,400ml,£4.00,£1/100ml,,New
373024,Big Zinger Organic Ginger Shots,G,true,753,https://ecom-su-static-prod.wtrecom.com/images/products/3/LN_373024_BP_3.jpg,https://www.waitrose.com/ecom/products/big-zinger-organic-ginger-shots/373024-827448-827449,Big Zinger Organic Ginger Shots,330ml,£2.50,75.8p/100ml,Introductory Offer.Will be £4.00,New
372158,Lowrise Lager,G,false,754,https://ecom-su-static-prod.wtrecom.com/images/products/3/LN_372158_BP_3.jpg,https://www.waitrose.com/ecom/products/lowrise-lager/372158-826072-826073,Lowrise Lager,330ml,£2.20,£6.67/litre,,New
371234,Maped Pack of 12 Color'peps Oops Felt Tip Pens,G,false,755,https://ecom-su-static-prod.wtrecom.com/images/products/3/LN_371234_BP_3.jpg,https://www.waitrose.com/ecom/products/maped-pack-of-12-colorpeps-oops-felt-tip-pens/371234-827446-827447,Maped Pack of 12 Color'peps Oops Felt Tip Pens,Each,£4.00,,,New
370190,Capri-Sun Zero Orange,G,true,756,https://ecom-su-static-prod.wtrecom.com/images/products/3/LN_370190_BP_3.jpg,https://www.waitrose.com/ecom/products/capri-sun-zero-orange/370190-827444-827445,Capri-Sun Zero Orange,4x200ml,£2.00,25p/100ml,Add 2 for £3,New
351311,BIC Flex 5 Disposable Razors,G,false,757,https://ecom-su-static-prod.wtrecom.com/images/products/3/LN_351311_BP_3.jpg,https://www.waitrose.com/ecom/products/bic-flex-5-disposable-razors/351311-826060-826061,BIC Flex 5 Disposable Razors,10Each,£5.99,59.9p each,,New
340413,Nu: Mail Bubble Wrap Roll 5m x 30cm,G,false,758,https://ecom-su-static-prod.wtrecom.com/images/products/3/LN_340413_BP_3.jpg,https://www.waitrose.com/ecom/products/nu-mail-bubble-wrap-roll-5m-x-30cm/340413-827442-827443,Nu: Mail Bubble Wrap Roll 5m x 30cm,small,£2.60,,,New
337160,Princes 50% Orange Juice Drink,G,false,759,https://ecom-su-static-prod.wtrecom.com/images/products/3/LN_337160_BP_3.jpg,https://www.waitrose.com/ecom/products/princes-50-orange-juice-drink/337160-827440-827441,Princes 50% Orange Juice Drink,1litre,£1.50,15p/100ml,,New
323107,"Lost and Grounded X Caravan Collaboration, Coffee Pale Ale",G,true,760,https://ecom-su-static-prod.wtrecom.com/images/products/3/LN_323107_BP_3.jpg,https://www.waitrose.com/ecom/products/lost-and-grounded-x-caravan-collaboration-coffee-pale-ale/323107-826056-826057,"Lost and Grounded X Caravan Collaboration, Coffee Pale Ale",440ml,£3.50,£7.96/litre,Mix & Match Add 5 for 4 Cheapest Item Free,New
321328,ManCave Hyaluronic Face Serum,G,false,761,https://ecom-su-static-prod.wtrecom.com/images/products/3/LN_321328_BP_3.jpg,https://www.waitrose.com/ecom/products/mancave-hyaluronic-face-serum/321328-826054-826055,ManCave Hyaluronic Face Serum,50ml,£10.50,£21/100ml,,New
314363,Fussy Natural Refillable Deodorant Coconut Milk,G,false,762,https://ecom-su-static-prod.wtrecom.com/images/products/3/LN_314363_BP_3.jpg,https://www.waitrose.com/ecom/products/fussy-natural-refillable-deodorant-coconut-milk/314363-826718-826719,Fussy Natural Refillable Deodorant Coconut Milk,40g,£13.00,£32.50/100g,,New
312277,ManCave Hyaluronic Intense Hydration Moisturiser,G,false,763,https://ecom-su-static-prod.wtrecom.com/images/products/3/LN_312277_BP_3.jpg,https://www.waitrose.com/ecom/products/mancave-hyaluronic-intense-hydration-moisturiser/312277-826052-826053,ManCave Hyaluronic Intense Hydration Moisturiser,100ml,£11.50,£11.50/100ml,,New
308556,Helix Oxford Pack of 12 Erasable Colouring Pencils,G,false,764,https://ecom-su-static-prod.wtrecom.com/images/products/3/LN_308556_BP_3.jpg,https://www.waitrose.com/ecom/products/helix-oxford-pack-of-12-erasable-colouring-pencils/308556-827434-827435,Helix Oxford Pack of 12 Erasable Colouring Pencils,1Each,£2.50,£2.50 each,,New
297903,Dr. Oetker Old School Cake Mix Vanilla,G,false,765,https://ecom-su-static-prod.wtrecom.com/images/products/3/LN_297903_BP_3.jpg,https://www.waitrose.com/ecom/products/dr-oetker-old-school-cake-mix-vanilla/297903-827106-827107,Dr. Oetker Old School Cake Mix Vanilla,436g,£3.00,£6.89/kg,,New
294312,Yoy Are Here,G,false,766,https://ecom-su-static-prod.wtrecom.com/images/products/3/LN_294312_BP_3.jpg,https://www.waitrose.com/ecom/products/yoy-are-here/294312-824654-824655,Yoy Are Here,1Each,£16.00,£16 each,,New
294119,The Honest Butcher Beef Gravy,G,false,767,https://ecom-su-static-prod.wtrecom.com/images/products/3/LN_294119_BP_3.jpg,https://www.waitrose.com/ecom/products/the-honest-butcher-beef-gravy/294119-824462-824463,The Honest Butcher Beef Gravy,450g,£3.50,£7.78/kg,,New
293932,Sanex Biome Protect Micellar Hypoallergenic Shower Gel,G,true,768,https://ecom-su-static-prod.wtrecom.com/images/products/3/LN_293932_BP_3.jpg,https://www.waitrose.com/ecom/products/sanex-biome-protect-micellar-hypoallergenic-shower-gel/293932-825466-825467,Sanex Biome Protect Micellar Hypoallergenic Shower Gel,450ml,£3.00,66.7p/100ml,Save 1/3. Was £4.50,New
293417,Sabra Garlic & Red Pepper Houmous,G,true,769,https://ecom-su-static-prod.wtrecom.com/images/products/3/LN_293417_BP_3.jpg,https://www.waitrose.com/ecom/products/sabra-garlic-red-pepper-houmous/293417-827182-827183,Sabra Garlic & Red Pepper Houmous,200g,£2.65,£1.33/100g,New Line,New
291493,Dr Squatch Fresh Falls Soap,G,false,770,https://ecom-su-static-prod.wtrecom.com/images/products/3/LN_291493_BP_3.jpg,https://www.waitrose.com/ecom/products/dr-squatch-fresh-falls-soap/291493-826050-826051,Dr Squatch Fresh Falls Soap,141.7g,£7.99,£5.64/100g,,New
286784,LifeJacket SPF30 Daily Protection Moisturiser,G,false,771,https://ecom-su-static-prod.wtrecom.com/images/products/3/LN_286784_BP_3.jpg,https://www.waitrose.com/ecom/products/lifejacket-spf30-daily-protection-moisturiser/286784-826048-826049,LifeJacket SPF30 Daily Protection Moisturiser,100ml,£16.00,£16/100ml,,New
277755,Great Uncle Harry,G,false,772,https://ecom-su-static-prod.wtrecom.com/images/products/3/LN_277755_BP_3.jpg,https://www.waitrose.com/ecom/products/great-uncle-harry/277755-825968-825969,Great Uncle Harry,1Each,£7.99,£7.99 each,,New
275068,The Real Cure Fennel & White Pepper Salami,G,true,773,https://ecom-su-static-prod.wtrecom.com/images/products/3/LN_275068_BP_3.jpg,https://www.waitrose.com/ecom/products/the-real-cure-fennel-white-pepper-salami/275068-827180-827181,The Real Cure Fennel & White Pepper Salami,55g,£3.37,£6.13/100g,Introductory Offer.Will be £4.50,New
274600,Renshaw Just Roll With It Jet Black Fondant Icing,G,false,774,https://ecom-su-static-prod.wtrecom.com/images/products/3/LN_274600_BP_3.jpg,https://www.waitrose.com/ecom/products/renshaw-just-roll-with-it-jet-black-fondant-icing/274600-827104-827105,Renshaw Just Roll With It Jet Black Fondant Icing,250g,£2.50,£10/kg,,New
274425,Dr Squatch Pine Tar Soap,G,false,775,https://ecom-su-static-prod.wtrecom.com/images/products/3/LN_274425_BP_3.jpg,https://www.waitrose.com/ecom/products/dr-squatch-pine-tar-soap/274425-826044-826045,Dr Squatch Pine Tar Soap,141.7g,£7.99,£5.64/100g,,New
274387,Andrex Complete Clean Toilet Tissue MEGA Roll 12 Rolls,G,false,776,https://ecom-su-static-prod.wtrecom.com/images/products/3/LN_274387_BP_3.jpg,https://www.waitrose.com/ecom/products/andrex-complete-clean-toilet-tissue-mega-roll-12-rolls/274387-827432-827433,Andrex Complete Clean Toilet Tissue MEGA Roll 12 Rolls,3480Sheet,£12.35,35.5p/100 sheets,,New
274382,Kiddylicious Apple & Carrot Melty Buttons 9+ Months,G,false,777,https://ecom-su-static-prod.wtrecom.com/images/products/3/LN_274382_BP_3.jpg,https://www.waitrose.com/ecom/products/kiddylicious-apple-carrot-melty-buttons-9-months/274382-826042-826043,Kiddylicious Apple & Carrot Melty Buttons 9+ Months,5x6g,£2.80,£9.34/100g,,New
274135,The Great Deceiver,G,false,778,https://ecom-su-static-prod.wtrecom.com/images/products/3/LN_274135_BP_3.jpg,https://www.waitrose.com/ecom/products/the-great-deceiver/274135-824291-824292,The Great Deceiver,each,£6.99,£6.99 each,,New
274039,Just Spices Original Salad Topping,G,false,779,https://ecom-su-static-prod.wtrecom.com/images/products/3/LN_274039_BP_3.jpg,https://www.waitrose.com/ecom/products/just-spices-original-salad-topping/274039-824720-824721,Just Spices Original Salad Topping,50g,£4.00,80p/10g,,New
273959,Tropicana MultiVit Boost Orange,G,false,780,https://ecom-su-static-prod.wtrecom.com/images/products/3/LN_273959_BP_3.jpg,https://www.waitrose.com/ecom/products/tropicana-multivit-boost-orange/273959-827338-827339,Tropicana MultiVit Boost Orange,850ml,£3.65,42.9p/100ml,,New
273908,Renshaw Just Roll With It Poppy Red Fondant Icing,G,false,781,https://ecom-su-static-prod.wtrecom.com/images/products/3/LN_273908_BP_3.jpg,https://www.waitrose.com/ecom/products/renshaw-just-roll-with-it-poppy-red-fondant-icing/273908-827102-827103,Renshaw Just Roll With It Poppy Red Fondant Icing,250g,£2.50,£10/kg,,New
273716,Kleenex Easy Breathe Box Tissues,G,true,782,https://ecom-su-static-prod.wtrecom.com/images/products/3/LN_273716_BP_3.jpg,https://www.waitrose.com/ecom/products/kleenex-easy-breathe-box-tissues/273716-827336-827337,Kleenex Easy Breathe Box Tissues,56Sheet,£1.75,£3.13/100 sheets,Introductory Offer.Will be £2.25,New
272867,Lizi's Granola Gluten Free Caramelised Nuts,G,false,783,https://ecom-su-static-prod.wtrecom.com/images/products/3/LN_272867_BP_3.jpg,https://www.waitrose.com/ecom/products/lizis-granola-gluten-free-caramelised-nuts/272867-826716-826717,Lizi's Granola Gluten Free Caramelised Nuts,350g,£4.00,£1.15/100g,,New
272116,Sticker Dolly Magical Kingdom,G,false,784,https://ecom-su-static-prod.wtrecom.com/images/products/3/LN_272116_BP_3.jpg,https://www.waitrose.com/ecom/products/sticker-dolly-magical-kingdom/272116-824289-824290,Sticker Dolly Magical Kingdom,1Each,£5.99,£5.99 each,,New
270844,Maped Pack of 12 Infinity Colouring Pencils,G,false,785,https://ecom-su-static-prod.wtrecom.com/images/products/3/LN_270844_BP_3.jpg,https://www.waitrose.com/ecom/products/maped-pack-of-12-infinity-colouring-pencils/270844-827430-827431,Maped Pack of 12 Infinity Colouring Pencils,1Each,£5.00,£5 each,,New
269504,Rock Face Face Wash,G,true,786,https://ecom-su-static-prod.wtrecom.com/images/products/3/LN_269504_BP_3.jpg,https://www.waitrose.com/ecom/products/rock-face-face-wash/269504-826040-826041,Rock Face Face Wash,100ml,£3.65,£3.65/100ml,Save 1/3. Was £5.50,New
269417,Fourpure Juiced Mango & Raspberry,G,true,787,https://ecom-su-static-prod.wtrecom.com/images/products/3/LN_269417_BP_3.jpg,https://www.waitrose.com/ecom/products/fourpure-juiced-mango-raspberry/269417-826038-826039,Fourpure Juiced Mango & Raspberry,440ml,£2.50,£5.69/litre,Mix & Match Add 5 for 4 Cheapest Item Free,New
268573,Fussy Natural Refillable Deodorant Wide Eyed,G,false,788,https://ecom-su-static-prod.wtrecom.com/images/products/3/LN_268573_BP_3.jpg,https://www.waitrose.com/ecom/products/fussy-natural-refillable-deodorant-wide-eyed/268573-826714-826715,Fussy Natural Refillable Deodorant Wide Eyed,40g,£13.00,,,New
263907,The Cheeky Panda Sustainable Bamboo Balsam Tissues,G,false,789,https://ecom-su-static-prod.wtrecom.com/images/products/3/LN_263907_BP_3.jpg,https://www.waitrose.com/ecom/products/the-cheeky-panda-sustainable-bamboo-balsam-tissues/263907-827428-827429,The Cheeky Panda Sustainable Bamboo Balsam Tissues,64Sheet,£2.30,£3.60/100 sheets,,New
256547,Ella's Kitchen Strawberry & Blackcurrant Summer Pudding,G,false,790,https://ecom-su-static-prod.wtrecom.com/images/products/3/LN_256547_BP_3.jpg,https://www.waitrose.com/ecom/products/ellas-kitchen-strawberry-blackcurrant-summer-pudding/256547-826036-826037,Ella's Kitchen Strawberry & Blackcurrant Summer Pudding,4x80g,£2.25,70.3p/100g,,New
251670,The Tw*t Files,G,false,791,https://ecom-su-static-prod.wtrecom.com/images/products/3/LN_251670_BP_3.jpg,https://www.waitrose.com/ecom/products/the-twt-files/251670-824283-824284,The Tw*t Files,1Each,£6.99,£6.99 each,,New
239332,Yumma Candy Yumma Cups,G,false,792,https://ecom-su-static-prod.wtrecom.com/images/products/3/LN_239332_BP_3.jpg,https://www.waitrose.com/ecom/products/yumma-candy-yumma-cups/239332-825788-825789,Yumma Candy Yumma Cups,138g,£3.00,£2.18/100g,,New
229603,The Stolen Hours,G,false,793,https://ecom-su-static-prod.wtrecom.com/images/products/3/LN_229603_BP_3.jpg,https://www.waitrose.com/ecom/products/the-stolen-hours/229603-824975-824976,The Stolen Hours,1Each,£6.99,£6.99 each,,New
224985,GoFree Gluten Free Honey Nut Flakes,G,false,794,https://ecom-su-static-prod.wtrecom.com/images/products/3/LN_224985_BP_3.jpg,https://www.waitrose.com/ecom/products/gofree-gluten-free-honey-nut-flakes/224985-826712-826713,GoFree Gluten Free Honey Nut Flakes,350g,£2.60,74.3p/100g,,New
224964,Nairn's Mini Cheese Bakes Gluten Free,G,false,795,https://ecom-su-static-prod.wtrecom.com/images/products/3/LN_224964_BP_3.jpg,https://www.waitrose.com/ecom/products/nairns-mini-cheese-bakes-gluten-free/224964-826710-826711,Nairn's Mini Cheese Bakes Gluten Free,45g,£1.00,£2.23/100g,,New
219889,Lucozade Energy Cherry,G,false,796,https://ecom-su-static-prod.wtrecom.com/images/products/3/LN_219889_BP_3.jpg,https://www.waitrose.com/ecom/products/lucozade-energy-cherry/219889-827426-827427,Lucozade Energy Cherry,900ml,£1.75,19.4p/100ml,,New
215672,Tackle,G,false,797,https://ecom-su-static-prod.wtrecom.com/images/products/3/LN_215672_BP_3.jpg,https://www.waitrose.com/ecom/products/tackle/215672-825964-825965,Tackle,1Each,£6.99,£6.99 each,,New
212820,Baylis & Harding EDIT Neroli Sands Body Wash,G,false,798,https://ecom-su-static-prod.wtrecom.com/images/products/3/LN_212820_BP_3.jpg,https://www.waitrose.com/ecom/products/baylis-harding-edit-neroli-sands-body-wash/212820-825452-825453,Baylis & Harding EDIT Neroli Sands Body Wash,400ml,£4.00,£1/100ml,,New
202543,Quorn Roast Mini Fillets,G,false,799,https://ecom-su-static-prod.wtrecom.com/images/products/3/LN_202543_BP_3.jpg,https://www.waitrose.com/ecom/products/quorn-roast-mini-fillets/202543-824981-824982,Quorn Roast Mini Fillets,138g,£3.10,£2.25/100g,,New
202516,Sure Women Antiperspirant Roll On Invisible Pure,G,false,800,https://ecom-su-static-prod.wtrecom.com/images/products/3/LN_202516_BP_3.jpg,https://www.waitrose.com/ecom/products/sure-women-antiperspirant-roll-on-invisible-pure/202516-826708-826709,Sure Women Antiperspirant Roll On Invisible Pure,50ml,£1.60,£3.20/100ml,,New
202033,Willie's Cacao Chef's Drops 55% Sambirano Dark Chocolate,G,true,801,https://ecom-su-static-prod.wtrecom.com/images/products/3/LN_202033_BP_3.jpg,https://www.waitrose.com/ecom/products/willies-cacao-chefs-drops-55-sambirano-dark-chocolate/202033-827098-827099,Willie's Cacao Chef's Drops 55% Sambirano Dark Chocolate,150g,£3.30,£22/kg,Introductory Offer.Will be £4.40,New
201880,ManCave Caffeine Conditioner,G,false,802,https://ecom-su-static-prod.wtrecom.com/images/products/3/LN_201880_BP_3.jpg,https://www.waitrose.com/ecom/products/mancave-caffeine-conditioner/201880-826032-826033,ManCave Caffeine Conditioner,200ml,£7.00,£3.50/100ml,,New
201735,Fussy Natural Deodorant Refill Coconut Milk,G,false,803,https://ecom-su-static-prod.wtrecom.com/images/products/3/LN_201735_BP_3.jpg,https://www.waitrose.com/ecom/products/fussy-natural-deodorant-refill-coconut-milk/201735-826706-826707,Fussy Natural Deodorant Refill Coconut Milk,40g,£6.00,£15/100g,,New
201658,Always Sensitive Long Plus,G,false,804,https://ecom-su-static-prod.wtrecom.com/images/products/3/LN_201658_BP_3.jpg,https://www.waitrose.com/ecom/products/always-sensitive-long-plus/201658-827424-827425,Always Sensitive Long Plus,12Each,£1.05,8.8p each,,New
975617,La Vieille Ferme Rose Bag in Box,W,false,805,https://ecom-su-static-prod.wtrecom.com/images/products/3/LN_975617_BP_3.jpg,https://www.waitrose.com/ecom/products/la-vieille-ferme-rose-bag-in-box/975617-827166-827167,La Vieille Ferme Rose Bag in Box,1.5L,£15.49,£7.75/75cl,,New
370657,Campo Viejo Winemakers Blend Bag in Box,W,true,806,https://ecom-su-static-prod.wtrecom.com/images/products/3/LN_370657_BP_3.jpg,https://www.waitrose.com/ecom/products/campo-viejo-winemakers-blend-bag-in-box/370657-827110-827111,Campo Viejo Winemakers Blend Bag in Box,1.5litre,£14.99,£7.50/75cl,New Line,New
