data-product-id,data-product-name,data-product-type,data-product-on-offer,data-product-index,image-url,product-page,product-name,product-size,item-price,price-per-unit,offer-description,category
698967,FELIX As Good As it Looks Mixed Selection in Jelly Wet Cat Food,G,false,104,https://ecom-su-static-prod.wtrecom.com/images/products/3/LN_698967_BP_3.jpg,https://www.waitrose.com/ecom/products/felix-as-good-as-it-looks-mixed-selection-in-jelly-wet-cat-food/698967-576963-576963,FELIX As Good As it Looks Mixed Selection in Jelly Wet Cat Food,40x100g,£15.50,£3.88/kg,,Pet
896451,GOURMET Perle Ocean Collection Wet Cat Food,G,false,234,https://ecom-su-static-prod.wtrecom.com/images/products/3/LN_896451_BP_3.jpg,https://www.waitrose.com/ecom/products/gourmet-perle-ocean-collection-wet-cat-food/896451-721768-721768,GOURMET Perle Ocean Collection Wet Cat Food,40x85g,£17.75,£5.23/kg,,Pet
572702,FELIX As Good As it Looks Ocean Feasts Wet Cat Food,G,false,180,https://ecom-su-static-prod.wtrecom.com/images/products/3/LN_572702_BP_3.jpg,https://www.waitrose.com/ecom/products/felix-as-good-as-it-looks-ocean-feasts-wet-cat-food/572702-576762-576762,FELIX As Good As it Looks Ocean Feasts Wet Cat Food,40x100g,£15.50,£3.88/kg,,Pet
042464,Waitrose Meaty Strips Chicken,G,false,4,https://ecom-su-static-prod.wtrecom.com/images/products/3/LN_042464_BP_3.jpg,https://www.waitrose.com/ecom/products/waitrose-meaty-strips-chicken/042464-21006-21007,Waitrose Meaty Strips Chicken,200g,£1.00,£5/kg,,Pet
542119,Essential Terrine With Chicken,G,false,5,https://ecom-su-static-prod.wtrecom.com/images/products/3/LN_542119_BP_3.jpg,https://www.waitrose.com/ecom/products/essential-terrine-with-chicken/542119-175078-175079,Essential Terrine With Chicken,150g,65p,£4.34/kg,,Pet
001876,Waitrose Sausages with Venison & Tripe,G,false,6,https://ecom-su-static-prod.wtrecom.com/images/products/3/LN_001876_BP_3.jpg,https://www.waitrose.com/ecom/products/waitrose-sausages-with-venison-tripe/001876-452-453,Waitrose Sausages with Venison & Tripe,60g,£1.40,£23.34/kg,,Pet
539528,Essential Terrine With Lamb,G,false,7,https://ecom-su-static-prod.wtrecom.com/images/products/3/LN_539528_BP_3.jpg,https://www.waitrose.com/ecom/products/essential-terrine-with-lamb/539528-175068-175069,Essential Terrine With Lamb,150g,65p,£4.34/kg,,Pet
548066,Essential Absorbent Cat Litter,G,false,8,https://ecom-su-static-prod.wtrecom.com/images/products/3/LN_548066_BP_3.jpg,https://www.waitrose.com/ecom/products/essential-absorbent-cat-litter/548066-156531-156532,Essential Absorbent Cat Litter,10litre,£2.95,29.5p/litre,,Pet
032872,Waitrose Dental Sticks,G,false,9,https://ecom-su-static-prod.wtrecom.com/images/products/3/LN_032872_BP_3.jpg,https://www.waitrose.com/ecom/products/waitrose-dental-sticks/032872-16087-16088,Waitrose Dental Sticks,180g,£1.00,£5.56/kg,,Pet
028100,Catsan Hygiene Litter,G,false,10,https://ecom-su-static-prod.wtrecom.com/images/products/3/LN_028100_BP_3.jpg,https://www.waitrose.com/ecom/products/catsan-hygiene-litter/028100-13666-13667,Catsan Hygiene Litter,10litre,£7.95,79.5p/litre,,Pet
872488,Webbox Lick-e-Lix with Chicken,G,true,11,https://ecom-su-static-prod.wtrecom.com/images/products/3/LN_872488_BP_3.jpg,https://www.waitrose.com/ecom/products/webbox-lick-e-lix-with-chicken/872488-587042-587043,Webbox Lick-e-Lix with Chicken,5x15g,£1.20,£16/kg,save 30p. Was £1.50,Pet
426053,"GOURMET Mon Petit Meaty Variety Duck, Chicken, Turkey Wet Cat Food",G,true,12,https://ecom-su-static-prod.wtrecom.com/images/products/3/LN_426053_BP_3.jpg,https://www.waitrose.com/ecom/products/gourmet-mon-petit-meaty-variety-duck-chicken-turkey-wet-cat-food/426053-358655-358655,"GOURMET Mon Petit Meaty Variety Duck, Chicken, Turkey Wet Cat Food",6x50g,£2.00,£6.67/kg,save 45p. Was £2.45,Pet
435898,GOURMET Nature's Creations Chicken Wet Cat Food,G,true,13,https://ecom-su-static-prod.wtrecom.com/images/products/3/LN_435898_BP_3.jpg,https://www.waitrose.com/ecom/products/gourmet-natures-creations-chicken-wet-cat-food/435898-721042-721043,GOURMET Nature's Creations Chicken Wet Cat Food,85g,£1.00,£11.77/kg,Add 3 for £2,Pet
738520,Dreamies Cheese Cat Treat,G,true,14,https://ecom-su-static-prod.wtrecom.com/images/products/3/LN_738520_BP_3.jpg,https://www.waitrose.com/ecom/products/dreamies-cheese-cat-treat/738520-807010-807011,Dreamies Cheese Cat Treat,60g,£1.35,£22.50/kg,Add 3 for £3,Pet
515696,Waitrose Beef Gravy Bones,G,false,15,https://ecom-su-static-prod.wtrecom.com/images/products/3/LN_515696_BP_3.jpg,https://www.waitrose.com/ecom/products/waitrose-beef-gravy-bones/515696-767548-767549,Waitrose Beef Gravy Bones,500g,£2.30,£4.60/kg,,Pet
031077,Waitrose Mini Chew Bones Chicken,G,false,16,https://ecom-su-static-prod.wtrecom.com/images/products/3/LN_031077_BP_3.jpg,https://www.waitrose.com/ecom/products/waitrose-mini-chew-bones-chicken/031077-15167-15168,Waitrose Mini Chew Bones Chicken,200g,£1.20,£6/kg,,Pet
028428,BONIO Original Dog Biscuits,G,false,17,https://ecom-su-static-prod.wtrecom.com/images/products/3/LN_028428_BP_3.jpg,https://www.waitrose.com/ecom/products/bonio-original-dog-biscuits/028428-13834-13835,BONIO Original Dog Biscuits,650g,£3.00,£4.62/kg,,Pet
375255,FELIX As Good As it Looks Senior 7+ Fish in Jelly Wet Cat Food,G,true,18,https://ecom-su-static-prod.wtrecom.com/images/products/3/LN_375255_BP_3.jpg,https://www.waitrose.com/ecom/products/felix-as-good-as-it-looks-senior-7-fish-in-jelly-wet-cat-food/375255-52818-52818,FELIX As Good As it Looks Senior 7+ Fish in Jelly Wet Cat Food,12x100g,£5.25,£4.38/kg,Add 2 for £9,Pet
062899,Waitrose Picnic Jumbles,G,false,19,https://ecom-su-static-prod.wtrecom.com/images/products/3/LN_062899_BP_3.jpg,https://www.waitrose.com/ecom/products/waitrose-picnic-jumbles/062899-31931-31932,Waitrose Picnic Jumbles,150g,£1.00,£6.67/kg,,Pet
840283,Dreamies Chicken Cat Treats,G,true,20,https://ecom-su-static-prod.wtrecom.com/images/products/3/LN_840283_BP_3.jpg,https://www.waitrose.com/ecom/products/dreamies-chicken-cat-treats/840283-807016-807017,Dreamies Chicken Cat Treats,60g,£1.35,£22.50/kg,Add 3 for £3,Pet
706679,Dreamies Salmon Cat Treats,G,true,21,https://ecom-su-static-prod.wtrecom.com/images/products/3/LN_706679_BP_3.jpg,https://www.waitrose.com/ecom/products/dreamies-salmon-cat-treats/706679-807008-807009,Dreamies Salmon Cat Treats,60g,£1.35,£22.50/kg,Add 3 for £3,Pet
842203,"GOURMET Mon Petit Fish Variety Tuna, Salmon, Trout Wet Cat Food",G,true,22,https://ecom-su-static-prod.wtrecom.com/images/products/3/LN_842203_BP_3.jpg,https://www.waitrose.com/ecom/products/gourmet-mon-petit-fish-variety-tuna-salmon-trout-wet-cat-food/842203-360516-360517,"GOURMET Mon Petit Fish Variety Tuna, Salmon, Trout Wet Cat Food",6x50g,£2.00,£6.67/kg,save 45p. Was £2.45,Pet
706968,GOURMET Revelations Mousse Chicken Wet Cat Food,G,false,23,https://ecom-su-static-prod.wtrecom.com/images/products/3/LN_706968_BP_3.jpg,https://www.waitrose.com/ecom/products/gourmet-revelations-mousse-chicken-wet-cat-food/706968-750442-750443,GOURMET Revelations Mousse Chicken Wet Cat Food,4x57g,£3.00,£13.16/kg,,Pet
774834,Webbox Cats Delight with Chicken & Liver,G,true,24,https://ecom-su-static-prod.wtrecom.com/images/products/3/LN_774834_BP_3.jpg,https://www.waitrose.com/ecom/products/webbox-cats-delight-with-chicken-liver/774834-119108-119109,Webbox Cats Delight with Chicken & Liver,30g,£1.25,£41.67/kg,Add 3 for £3,Pet
637041,GOURMET Nature's Creations Ocean Fish Wet Cat Food,G,true,25,https://ecom-su-static-prod.wtrecom.com/images/products/3/LN_637041_BP_3.jpg,https://www.waitrose.com/ecom/products/gourmet-natures-creations-ocean-fish-wet-cat-food/637041-721344-721345,GOURMET Nature's Creations Ocean Fish Wet Cat Food,85g,£1.00,£11.77/kg,Add 3 for £2,Pet
087635,Waitrose Dog Biscuits,G,false,26,https://ecom-su-static-prod.wtrecom.com/images/products/3/LN_087635_BP_3.jpg,https://www.waitrose.com/ecom/products/waitrose-dog-biscuits/087635-44812-44813,Waitrose Dog Biscuits,800g,£2.50,£3.13/kg,,Pet
855183,FELIX Doubly Delicious 7+ Meaty Selection in Jelly Wet Cat Food,G,true,27,https://ecom-su-static-prod.wtrecom.com/images/products/3/LN_855183_BP_3.jpg,https://www.waitrose.com/ecom/products/felix-doubly-delicious-7-meaty-selection-in-jelly-wet-cat-food/855183-281052-281052,FELIX Doubly Delicious 7+ Meaty Selection in Jelly Wet Cat Food,12x100g,£5.25,£4.38/kg,Add 2 for £9,Pet
670527,Essential Chunks in Jelly Selection,G,false,28,https://ecom-su-static-prod.wtrecom.com/images/products/3/LN_670527_BP_3.jpg,https://www.waitrose.com/ecom/products/essential-chunks-in-jelly-selection/670527-175211-175211,Essential Chunks in Jelly Selection,6x400g,£4.80,£2/kg,,Pet
005290,GOURMET Gold Pate Ocean Fish Wet Cat Food,G,true,29,https://ecom-su-static-prod.wtrecom.com/images/products/3/LN_005290_BP_3.jpg,https://www.waitrose.com/ecom/products/gourmet-gold-pate-ocean-fish-wet-cat-food/005290-2285-2286,GOURMET Gold Pate Ocean Fish Wet Cat Food,85g,75p,£8.83/kg,Add 3 for £1.75,Pet
573329,Sheba Fine Flakes in Jelly Poultry Selection,G,false,30,https://ecom-su-static-prod.wtrecom.com/images/products/3/LN_573329_BP_3.jpg,https://www.waitrose.com/ecom/products/sheba-fine-flakes-in-jelly-poultry-selection/573329-81213-81213,Sheba Fine Flakes in Jelly Poultry Selection,12x85g,£5.80,£5.69/kg,,Pet
064098,Waitrose Variety Selection in Jelly & Gravy,G,false,31,https://ecom-su-static-prod.wtrecom.com/images/products/3/LN_064098_BP_3.jpg,https://www.waitrose.com/ecom/products/waitrose-variety-selection-in-jelly-gravy/064098-32537-32537,Waitrose Variety Selection in Jelly & Gravy,12x400g,£9.50,£1.98/kg,,Pet
536943,Webbox Lick-e-Lix Salmon,G,true,32,https://ecom-su-static-prod.wtrecom.com/images/products/3/LN_536943_BP_3.jpg,https://www.waitrose.com/ecom/products/webbox-lick-e-lix-salmon/536943-790640-790641,Webbox Lick-e-Lix Salmon,75g,£1.20,£16/kg,save 30p. Was £1.50,Pet
893283,Good Boy Chewy Twists with Chicken,G,true,33,https://ecom-su-static-prod.wtrecom.com/images/products/3/LN_893283_BP_3.jpg,https://www.waitrose.com/ecom/products/good-boy-chewy-twists-with-chicken/893283-362085-362086,Good Boy Chewy Twists with Chicken,90g,£3.30,£36.67/kg,Add 3 for £7.50,Pet
546175,Good Boy Venison Steaks,G,true,34,https://ecom-su-static-prod.wtrecom.com/images/products/3/LN_546175_BP_3.jpg,https://www.waitrose.com/ecom/products/good-boy-venison-steaks/546175-592041-592042,Good Boy Venison Steaks,80g,£3.30,£41.25/kg,Add 3 for £7.50,Pet
672880,Pedigree Tasty Minis with Cheese & Beef,G,false,35,https://ecom-su-static-prod.wtrecom.com/images/products/3/LN_672880_BP_3.jpg,https://www.waitrose.com/ecom/products/pedigree-tasty-minis-with-cheese-beef/672880-361855-361856,Pedigree Tasty Minis with Cheese & Beef,140g,£1.95,£13.93/kg,,Pet
638830,"GOURMET Mon Petit Fish Variety Cod, Sardine, Salmon Wet Cat Food",G,true,36,https://ecom-su-static-prod.wtrecom.com/images/products/3/LN_638830_BP_3.jpg,https://www.waitrose.com/ecom/products/gourmet-mon-petit-fish-variety-cod-sardine-salmon-wet-cat-food/638830-417258-417258,"GOURMET Mon Petit Fish Variety Cod, Sardine, Salmon Wet Cat Food",6x50g,£2.00,£6.67/kg,save 45p. Was £2.45,Pet
860936,Pedigree Dentastix 5 Sticks Medium Dog,G,true,37,https://ecom-su-static-prod.wtrecom.com/images/products/3/LN_860936_BP_3.jpg,https://www.waitrose.com/ecom/products/pedigree-dentastix-5-sticks-medium-dog/860936-758944-758945,Pedigree Dentastix 5 Sticks Medium Dog,128g,£2.00,£15.63/kg,Add 3 for £3,Pet
059871,GOURMET Gold Chunks in Gravy Chicken and Liver Wet Cat Food,G,true,38,https://ecom-su-static-prod.wtrecom.com/images/products/3/LN_059871_BP_3.jpg,https://www.waitrose.com/ecom/products/gourmet-gold-chunks-in-gravy-chicken-and-liver-wet-cat-food/059871-30233-30234,GOURMET Gold Chunks in Gravy Chicken and Liver Wet Cat Food,85g,75p,£8.83/kg,Add 3 for £1.75,Pet
597255,Good Boy Pigs In Blankets,G,true,39,https://ecom-su-static-prod.wtrecom.com/images/products/3/LN_597255_BP_3.jpg,https://www.waitrose.com/ecom/products/good-boy-pigs-in-blankets/597255-660469-660470,Good Boy Pigs In Blankets,80g,£3.00,£37.50/kg,Add 3 for £7.50,Pet
511976,Sheba Fine Flakes Fish Selection,G,false,40,https://ecom-su-static-prod.wtrecom.com/images/products/3/LN_511976_BP_3.jpg,https://www.waitrose.com/ecom/products/sheba-fine-flakes-fish-selection/511976-498551-498551,Sheba Fine Flakes Fish Selection,12x85g,£5.80,£5.69/kg,,Pet
763182,Lily's Kitchen Chicken & Turkey Casserole Wet Food for Dogs,G,true,41,https://ecom-su-static-prod.wtrecom.com/images/products/3/LN_763182_BP_3.jpg,https://www.waitrose.com/ecom/products/lilys-kitchen-chicken-turkey-casserole-wet-food-for-dogs/763182-216063-216064,Lily's Kitchen Chicken & Turkey Casserole Wet Food for Dogs,400g,£2.50,£6.25/kg,25% Off. Was £3.35,Pet
846773,Lily's Kitchen Organic Chicken Supper Wet Food for Dogs,G,false,42,https://ecom-su-static-prod.wtrecom.com/images/products/3/LN_846773_BP_3.jpg,https://www.waitrose.com/ecom/products/lilys-kitchen-organic-chicken-supper-wet-food-for-dogs/846773-216120-216121,Lily's Kitchen Organic Chicken Supper Wet Food for Dogs,150g,£1.80,£12/kg,,Pet
767059,Good Boy Chicken Strips,G,true,43,https://ecom-su-static-prod.wtrecom.com/images/products/3/LN_767059_BP_3.jpg,https://www.waitrose.com/ecom/products/good-boy-chicken-strips/767059-660709-660710,Good Boy Chicken Strips,100g,£3.30,£33/kg,Add 3 for £7.50,Pet
845366,Lily's Kitchen Chomp Away Chicken Bites Dog Treats,G,true,44,https://ecom-su-static-prod.wtrecom.com/images/products/3/LN_845366_BP_3.jpg,https://www.waitrose.com/ecom/products/lilys-kitchen-chomp-away-chicken-bites-dog-treats/845366-707674-707675,Lily's Kitchen Chomp Away Chicken Bites Dog Treats,70g,£2.75,£39.29/kg,25% Off. Was £3.70,Pet
467954,Dreamies Mega Pack With Chicken,G,true,45,https://ecom-su-static-prod.wtrecom.com/images/products/3/LN_467954_BP_3.jpg,https://www.waitrose.com/ecom/products/dreamies-mega-pack-with-chicken/467954-690949-690950,Dreamies Mega Pack With Chicken,200g,£3.50,£17.50/kg,save 50p. Was £4.00,Pet
712447,Whiskas 11+ Poultry Selection In Jelly,G,true,46,https://ecom-su-static-prod.wtrecom.com/images/products/3/LN_712447_BP_3.jpg,https://www.waitrose.com/ecom/products/whiskas-11-poultry-selection-in-jelly/712447-691131-691131,Whiskas 11+ Poultry Selection In Jelly,12x85g,£4.25,£4.17/kg,save 50p. Was £4.75,Pet
390417,PURINA ONE Senior 7+ Mini Fillets Chicken and Beef Wet Cat Food,G,false,47,https://ecom-su-static-prod.wtrecom.com/images/products/3/LN_390417_BP_3.jpg,https://www.waitrose.com/ecom/products/purina-one-senior-7-mini-fillets-chicken-and-beef-wet-cat-food/390417-215914-215914,PURINA ONE Senior 7+ Mini Fillets Chicken and Beef Wet Cat Food,8x85g,£5.00,£7.36/kg,,Pet
888067,"FELIX Soup Fish Selection Plaice, Tuna and Cod Wet Cat Food",G,true,48,https://ecom-su-static-prod.wtrecom.com/images/products/3/LN_888067_BP_3.jpg,https://www.waitrose.com/ecom/products/felix-soup-fish-selection-plaice-tuna-and-cod-wet-cat-food/888067-691320-691320,"FELIX Soup Fish Selection Plaice, Tuna and Cod Wet Cat Food",6x48g,£2.40,£8.34/kg,Add 2 for £3.90,Pet
090805,Waitrose White Tuna Meat with Shrimp in Gravy,G,false,49,https://ecom-su-static-prod.wtrecom.com/images/products/3/LN_090805_BP_3.jpg,https://www.waitrose.com/ecom/products/waitrose-white-tuna-meat-with-shrimp-in-gravy/090805-46775-46776,Waitrose White Tuna Meat with Shrimp in Gravy,80g,£1.10,£13.75/kg,,Pet
484479,Good Boy Mega Chewy Twist With Chicken,G,true,50,https://ecom-su-static-prod.wtrecom.com/images/products/3/LN_484479_BP_3.jpg,https://www.waitrose.com/ecom/products/good-boy-mega-chewy-twist-with-chicken/484479-588395-588396,Good Boy Mega Chewy Twist With Chicken,70g,£3.00,£42.86/kg,Add 3 for £7.50,Pet
403385,"FELIX Soup Farm Selection Chicken, Beef and Lamb Wet Cat Food",G,true,51,https://ecom-su-static-prod.wtrecom.com/images/products/3/LN_403385_BP_3.jpg,https://www.waitrose.com/ecom/products/felix-soup-farm-selection-chicken-beef-and-lamb-wet-cat-food/403385-690907-690907,"FELIX Soup Farm Selection Chicken, Beef and Lamb Wet Cat Food",6x48g,£2.40,£8.34/kg,Add 2 for £3.90,Pet
810779,Waitrose 2 Chew Bones with Chicken,G,false,52,https://ecom-su-static-prod.wtrecom.com/images/products/3/LN_810779_BP_3.jpg,https://www.waitrose.com/ecom/products/waitrose-2-chew-bones-with-chicken/810779-175356-175357,Waitrose 2 Chew Bones with Chicken,200g,£1.20,£6/kg,,Pet
822303,Waitrose 15 Tripe Sticks,G,false,53,https://ecom-su-static-prod.wtrecom.com/images/products/3/LN_822303_BP_3.jpg,https://www.waitrose.com/ecom/products/waitrose-15-tripe-sticks/822303-767695-767696,Waitrose 15 Tripe Sticks,90g,£1.85,£20.56/kg,,Pet
028436,WINALOT Shapes Dog Biscuits,G,false,54,https://ecom-su-static-prod.wtrecom.com/images/products/3/LN_028436_BP_3.jpg,https://www.waitrose.com/ecom/products/winalot-shapes-dog-biscuits/028436-13842-13843,WINALOT Shapes Dog Biscuits,800g,£3.30,£4.13/kg,,Pet
750001,Whiskas 7+ Fish Selection In Jelly,G,true,55,https://ecom-su-static-prod.wtrecom.com/images/products/3/LN_750001_BP_3.jpg,https://www.waitrose.com/ecom/products/whiskas-7-fish-selection-in-jelly/750001-432756-432756,Whiskas 7+ Fish Selection In Jelly,12x85g,£4.25,£4.17/kg,save 50p. Was £4.75,Pet
587638,FELIX As Good As it Looks Meaty Selection in Jelly Wet Cat Food,G,true,56,https://ecom-su-static-prod.wtrecom.com/images/products/3/LN_587638_BP_3.jpg,https://www.waitrose.com/ecom/products/felix-as-good-as-it-looks-meaty-selection-in-jelly-wet-cat-food/587638-401546-401546,FELIX As Good As it Looks Meaty Selection in Jelly Wet Cat Food,12x100g,£5.25,£4.38/kg,Add 2 for £9,Pet
767905,GOURMET Gold Casserole in Gravy Duck and Turkey Wet Cat Food,G,true,57,https://ecom-su-static-prod.wtrecom.com/images/products/3/LN_767905_BP_3.jpg,https://www.waitrose.com/ecom/products/gourmet-gold-casserole-in-gravy-duck-and-turkey-wet-cat-food/767905-727629-727630,GOURMET Gold Casserole in Gravy Duck and Turkey Wet Cat Food,85g,75p,£8.83/kg,Add 3 for £1.75,Pet
095140,Pedigree Dentastix 7 Sticks 5-10kg,G,true,58,https://ecom-su-static-prod.wtrecom.com/images/products/3/LN_095140_BP_3.jpg,https://www.waitrose.com/ecom/products/pedigree-dentastix-7-sticks-5-10kg/095140-48769-48770,Pedigree Dentastix 7 Sticks 5-10kg,110g,£2.00,£18.19/kg,Add 3 for £3,Pet
448359,Sheba Select Slices in Gravy,G,false,59,https://ecom-su-static-prod.wtrecom.com/images/products/3/LN_448359_BP_3.jpg,https://www.waitrose.com/ecom/products/sheba-select-slices-in-gravy/448359-63149-63149,Sheba Select Slices in Gravy,12x85g,£5.80,£5.69/kg,,Pet
746478,Lily's Kitchen Cottage Pie Wet Food for Dogs,G,true,60,https://ecom-su-static-prod.wtrecom.com/images/products/3/LN_746478_BP_3.jpg,https://www.waitrose.com/ecom/products/lilys-kitchen-cottage-pie-wet-food-for-dogs/746478-216055-216056,Lily's Kitchen Cottage Pie Wet Food for Dogs,400g,£2.50,£6.25/kg,25% Off. Was £3.35,Pet
577429,Lily's Kitchen Sunday Lunch Wet Food for Dogs,G,true,61,https://ecom-su-static-prod.wtrecom.com/images/products/3/LN_577429_BP_3.jpg,https://www.waitrose.com/ecom/products/lilys-kitchen-sunday-lunch-wet-food-for-dogs/577429-509299-509300,Lily's Kitchen Sunday Lunch Wet Food for Dogs,400g,£2.50,£6.25/kg,25% Off. Was £3.35,Pet
385544,Essential Meat & Fish Selection in Jelly,G,false,62,https://ecom-su-static-prod.wtrecom.com/images/products/3/LN_385544_BP_3.jpg,https://www.waitrose.com/ecom/products/essential-meat-fish-selection-in-jelly/385544-174921-174921,Essential Meat & Fish Selection in Jelly,12x100g,£3.80,£3.17/kg,,Pet
414258,Good Boy Chicken & Calcium Bones,G,true,63,https://ecom-su-static-prod.wtrecom.com/images/products/3/LN_414258_BP_3.jpg,https://www.waitrose.com/ecom/products/good-boy-chicken-calcium-bones/414258-422801-422802,Good Boy Chicken & Calcium Bones,100g,£3.00,£30/kg,Add 3 for £7.50,Pet
485919,FELIX Doubly Delicious Fish Selection in Jelly Wet Cat Food,G,true,64,https://ecom-su-static-prod.wtrecom.com/images/products/3/LN_485919_BP_3.jpg,https://www.waitrose.com/ecom/products/felix-doubly-delicious-fish-selection-in-jelly-wet-cat-food/485919-215948-215948,FELIX Doubly Delicious Fish Selection in Jelly Wet Cat Food,12x100g,£5.25,£4.38/kg,Add 2 for £9,Pet
589116,Essential Chunks in Gravy Selection,G,false,65,https://ecom-su-static-prod.wtrecom.com/images/products/3/LN_589116_BP_3.jpg,https://www.waitrose.com/ecom/products/essential-chunks-in-gravy-selection/589116-146563-146563,Essential Chunks in Gravy Selection,6x400g,£4.80,£2/kg,,Pet
484154,Dreamies Catnip Treats,G,true,66,https://ecom-su-static-prod.wtrecom.com/images/products/3/LN_484154_BP_3.jpg,https://www.waitrose.com/ecom/products/dreamies-catnip-treats/484154-806994-806995,Dreamies Catnip Treats,60g,£1.35,£22.50/kg,Add 3 for £3,Pet
697908,Waitrose 10 Deli Sticks Chicken and Turkey,G,false,67,https://ecom-su-static-prod.wtrecom.com/images/products/3/LN_697908_BP_3.jpg,https://www.waitrose.com/ecom/products/waitrose-10-deli-sticks-chicken-and-turkey/697908-767643-767644,Waitrose 10 Deli Sticks Chicken and Turkey,50g,£1.25,£25/kg,,Pet
031855,GOURMET Perle Connoisseur's Selection in Gravy Wet Cat Food,G,false,68,https://ecom-su-static-prod.wtrecom.com/images/products/3/LN_031855_BP_3.jpg,https://www.waitrose.com/ecom/products/gourmet-perle-connoisseurs-selection-in-gravy-wet-cat-food/031855-15508-15508,GOURMET Perle Connoisseur's Selection in Gravy Wet Cat Food,12x85g,£5.80,£5.69/kg,,Pet
835994,Encore Tuna Fillet with Prawn,G,false,69,https://ecom-su-static-prod.wtrecom.com/images/products/3/LN_835994_BP_3.jpg,https://www.waitrose.com/ecom/products/encore-tuna-fillet-with-prawn/835994-691259-691260,Encore Tuna Fillet with Prawn,70g,£1.15,£16.43/kg,,Pet
444333,Lily's Kitchen Classic Dinners,G,true,70,https://ecom-su-static-prod.wtrecom.com/images/products/3/LN_444333_BP_3.jpg,https://www.waitrose.com/ecom/products/lilys-kitchen-classic-dinners/444333-707360-707360,Lily's Kitchen Classic Dinners,6x150g,£7.00,£7.78/kg,save £2.00. Was £9.00,Pet
673714,Good Boy Degradable Poo Bags,G,false,71,https://ecom-su-static-prod.wtrecom.com/images/products/3/LN_673714_BP_3.jpg,https://www.waitrose.com/ecom/products/good-boy-degradable-poo-bags/673714-750251-750252,Good Boy Degradable Poo Bags,100s,£1.25,1.3p each,,Pet
851522,Pedigree Rodeo Chicken,G,false,72,https://ecom-su-static-prod.wtrecom.com/images/products/3/LN_851522_BP_3.jpg,https://www.waitrose.com/ecom/products/pedigree-rodeo-chicken/851522-255678-255679,Pedigree Rodeo Chicken,123g,£1.95,£15.86/kg,,Pet
639736,Essential Meat & Fish Selection in Jelly,G,false,73,https://ecom-su-static-prod.wtrecom.com/images/products/3/LN_639736_BP_3.jpg,https://www.waitrose.com/ecom/products/essential-meat-fish-selection-in-jelly/639736-146655-146655,Essential Meat & Fish Selection in Jelly,6x400g,£4.80,£2/kg,,Pet
425368,GOURMET Revelations Mousse Salmon Wet Cat Food,G,false,74,https://ecom-su-static-prod.wtrecom.com/images/products/3/LN_425368_BP_3.jpg,https://www.waitrose.com/ecom/products/gourmet-revelations-mousse-salmon-wet-cat-food/425368-748666-748667,GOURMET Revelations Mousse Salmon Wet Cat Food,4x57g,£3.00,£13.16/kg,,Pet
439595,Lily's Kitchen Lamb Hotpot Wet Food for Dogs,G,true,75,https://ecom-su-static-prod.wtrecom.com/images/products/3/LN_439595_BP_3.jpg,https://www.waitrose.com/ecom/products/lilys-kitchen-lamb-hotpot-wet-food-for-dogs/439595-215933-215934,Lily's Kitchen Lamb Hotpot Wet Food for Dogs,400g,£2.50,£6.25/kg,25% Off. Was £3.35,Pet
813723,DENTALIFE Small Dental Chicken Dog Chews,G,false,76,https://ecom-su-static-prod.wtrecom.com/images/products/3/LN_813723_BP_3.jpg,https://www.waitrose.com/ecom/products/dentalife-small-dental-chicken-dog-chews/813723-564105-564106,DENTALIFE Small Dental Chicken Dog Chews,115g,£1.75,£15.22/kg,,Pet
766814,Webbox Lick-E-Lix Liver Sausage & Cat Grass,G,true,77,https://ecom-su-static-prod.wtrecom.com/images/products/3/LN_766814_BP_3.jpg,https://www.waitrose.com/ecom/products/webbox-lick-e-lix-liver-sausage-cat-grass/766814-815361-815362,Webbox Lick-E-Lix Liver Sausage & Cat Grass,70g,£1.20,£1.72/100g,save 30p. Was £1.50,Pet
745947,FELIX As Good As it Looks Senior 7+ Meat in Jelly Wet Cat Food,G,true,78,https://ecom-su-static-prod.wtrecom.com/images/products/3/LN_745947_BP_3.jpg,https://www.waitrose.com/ecom/products/felix-as-good-as-it-looks-senior-7-meat-in-jelly-wet-cat-food/745947-790734-790734,FELIX As Good As it Looks Senior 7+ Meat in Jelly Wet Cat Food,12x100g,£5.25,£4.38/kg,Add 2 for £9,Pet
526184,Butcher's Tripe Loaf Recipes,G,false,79,https://ecom-su-static-prod.wtrecom.com/images/products/3/LN_526184_BP_3.jpg,https://www.waitrose.com/ecom/products/butchers-tripe-loaf-recipes/526184-675675-675675,Butcher's Tripe Loaf Recipes,6x400g,£6.00,£2.50/kg,,Pet
781534,Sheba Perfect Portions Turkey in Rich Gravy,G,false,80,https://ecom-su-static-prod.wtrecom.com/images/products/3/LN_781534_BP_3.jpg,https://www.waitrose.com/ecom/products/sheba-perfect-portions-turkey-in-rich-gravy/781534-758932-758933,Sheba Perfect Portions Turkey in Rich Gravy,6x37.5g,£2.75,£12.23/kg,,Pet
481094,Waitrose Chicken Supreme With Potatoes,G,false,81,https://ecom-su-static-prod.wtrecom.com/images/products/3/LN_481094_BP_3.jpg,https://www.waitrose.com/ecom/products/waitrose-chicken-supreme-with-potatoes/481094-772460-772461,Waitrose Chicken Supreme With Potatoes,300g,£1.40,£4.67/kg,,Pet
538538,Whiskas Cat Milk,G,false,82,https://ecom-su-static-prod.wtrecom.com/images/products/3/LN_538538_BP_3.jpg,https://www.waitrose.com/ecom/products/whiskas-cat-milk/538538-76180-76181,Whiskas Cat Milk,3x200ml,£4.00,£6.67/litre,,Pet
628061,Webbox Cat Tasty Sticks with Salmon & Trout,G,true,83,https://ecom-su-static-prod.wtrecom.com/images/products/3/LN_628061_BP_3.jpg,https://www.waitrose.com/ecom/products/webbox-cat-tasty-sticks-with-salmon-trout/628061-815285-815286,Webbox Cat Tasty Sticks with Salmon & Trout,30g,£1.25,£4.17/100g,Add 3 for £3,Pet
059620,GOURMET Perle Chef's Collection in Gravy Wet Cat Food,G,false,84,https://ecom-su-static-prod.wtrecom.com/images/products/3/LN_059620_BP_3.jpg,https://www.waitrose.com/ecom/products/gourmet-perle-chefs-collection-in-gravy-wet-cat-food/059620-30071-30071,GOURMET Perle Chef's Collection in Gravy Wet Cat Food,12x85g,£5.80,£5.69/kg,,Pet
682577,Jude's Ice Cream For Dogs,G,false,85,https://ecom-su-static-prod.wtrecom.com/images/products/3/LN_682577_BP_3.jpg,https://www.waitrose.com/ecom/products/judes-ice-cream-for-dogs/682577-824387-824388,Jude's Ice Cream For Dogs,4x90ml,£5.00,£1.39/100ml,,Pet
876156,Lily's Kitchen Wild Campfire Stew Wet Food for Dogs,G,true,86,https://ecom-su-static-prod.wtrecom.com/images/products/3/LN_876156_BP_3.jpg,https://www.waitrose.com/ecom/products/lilys-kitchen-wild-campfire-stew-wet-food-for-dogs/876156-216141-216142,Lily's Kitchen Wild Campfire Stew Wet Food for Dogs,400g,£2.50,£6.25/kg,25% Off. Was £3.35,Pet
611486,Good Boy Duck Fillets,G,true,87,https://ecom-su-static-prod.wtrecom.com/images/products/3/LN_611486_BP_3.jpg,https://www.waitrose.com/ecom/products/good-boy-duck-fillets/611486-361799-361800,Good Boy Duck Fillets,80g,£3.30,£41.25/kg,Add 3 for £7.50,Pet
063287,PURINA ONE Senior 7+ Chicken Dry Cat Food,G,false,88,https://ecom-su-static-prod.wtrecom.com/images/products/3/LN_063287_BP_3.jpg,https://www.waitrose.com/ecom/products/purina-one-senior-7-chicken-dry-cat-food/063287-32143-32144,PURINA ONE Senior 7+ Chicken Dry Cat Food,750g,£7.65,£10.20/kg,,Pet
086671,GOURMET Perle Ocean Delicacies in Gravy Wet Cat Food,G,false,89,https://ecom-su-static-prod.wtrecom.com/images/products/3/LN_086671_BP_3.jpg,https://www.waitrose.com/ecom/products/gourmet-perle-ocean-delicacies-in-gravy-wet-cat-food/086671-44300-44300,GOURMET Perle Ocean Delicacies in Gravy Wet Cat Food,12x85g,£5.80,£5.69/kg,,Pet
568243,Lily's Kitchen Sunday Lunch Tray Dog Food,G,false,90,https://ecom-su-static-prod.wtrecom.com/images/products/3/LN_568243_BP_3.jpg,https://www.waitrose.com/ecom/products/lilys-kitchen-sunday-lunch-tray-dog-food/568243-815129-815130,Lily's Kitchen Sunday Lunch Tray Dog Food,150g,£1.60,£10.67/kg,,Pet
753187,Good Boy Chew Chicken with Carrot Sticks,G,true,91,https://ecom-su-static-prod.wtrecom.com/images/products/3/LN_753187_BP_3.jpg,https://www.waitrose.com/ecom/products/good-boy-chew-chicken-with-carrot-sticks/753187-721474-721475,Good Boy Chew Chicken with Carrot Sticks,90g,£3.00,£33.34/kg,Add 3 for £7.50,Pet
611456,Lily's Kitchen Organic Chicken Paté Wet Food for Cats,G,false,92,https://ecom-su-static-prod.wtrecom.com/images/products/3/LN_611456_BP_3.jpg,https://www.waitrose.com/ecom/products/lilys-kitchen-organic-chicken-pate-wet-food-for-cats/611456-527226-527227,Lily's Kitchen Organic Chicken Paté Wet Food for Cats,85g,£1.25,£14.71/kg,,Pet
414014,DENTALIFE Dental Chicken Cat Treats,G,false,93,https://ecom-su-static-prod.wtrecom.com/images/products/3/LN_414014_BP_3.jpg,https://www.waitrose.com/ecom/products/dentalife-dental-chicken-cat-treats/414014-684032-684033,DENTALIFE Dental Chicken Cat Treats,40g,£1.60,£40/kg,,Pet
438062,GOURMET Gold Pate Recipes Wet Cat Food,G,false,94,https://ecom-su-static-prod.wtrecom.com/images/products/3/LN_438062_BP_3.jpg,https://www.waitrose.com/ecom/products/gourmet-gold-pate-recipes-wet-cat-food/438062-721052-721052,GOURMET Gold Pate Recipes Wet Cat Food,8x85g,£5.00,£7.36/kg,,Pet
659177,Harringtons Adult Turkey Dry Food,G,true,95,https://ecom-su-static-prod.wtrecom.com/images/products/3/LN_659177_BP_3.jpg,https://www.waitrose.com/ecom/products/harringtons-adult-turkey-dry-food/659177-119018-119019,Harringtons Adult Turkey Dry Food,1.7Kg,£4.50,£2.65/kg,save 95p. Was £5.45,Pet
619340,"FELIX Goody Bag Original Chicken, Liver and Turkey Cat Treats",G,true,96,https://ecom-su-static-prod.wtrecom.com/images/products/3/LN_619340_BP_3.jpg,https://www.waitrose.com/ecom/products/felix-goody-bag-original-chicken-liver-and-turkey-cat-treats/619340-216005-216006,"FELIX Goody Bag Original Chicken, Liver and Turkey Cat Treats",60g,£1.40,£23.34/kg,Add 2 for £2,Pet
522695,Encore Chicken & Brown Rice,G,false,97,https://ecom-su-static-prod.wtrecom.com/images/products/3/LN_522695_BP_3.jpg,https://www.waitrose.com/ecom/products/encore-chicken-brown-rice/522695-118900-118901,Encore Chicken & Brown Rice,70g,£1.15,£16.43/kg,,Pet
532034,Beco Poop Bags Unscented,G,false,98,https://ecom-su-static-prod.wtrecom.com/images/products/3/LN_532034_BP_3.jpg,https://www.waitrose.com/ecom/products/beco-poop-bags-unscented/532034-586526-586527,Beco Poop Bags Unscented,60s,£3.50,5.8p each,,Pet
772863,"FELIX Goody Bag Seaside Salmon, Pollock and Trout Cat Treats",G,true,99,https://ecom-su-static-prod.wtrecom.com/images/products/3/LN_772863_BP_3.jpg,https://www.waitrose.com/ecom/products/felix-goody-bag-seaside-salmon-pollock-and-trout-cat-treats/772863-216065-216066,"FELIX Goody Bag Seaside Salmon, Pollock and Trout Cat Treats",60g,£1.40,£23.34/kg,Add 2 for £2,Pet
854520,Scrumbles Chicken & Duck Natural Dog Treats 90g,G,false,100,https://ecom-su-static-prod.wtrecom.com/images/products/3/LN_854520_BP_3.jpg,https://www.waitrose.com/ecom/products/scrumbles-chicken-duck-natural-dog-treats-90g/854520-790812-790813,Scrumbles Chicken & Duck Natural Dog Treats 90g,90g,£2.75,£30.56/kg,,Pet
076762,Waitrose Shredded Chicken with Duck in Gravy,G,false,101,https://ecom-su-static-prod.wtrecom.com/images/products/3/LN_076762_BP_3.jpg,https://www.waitrose.com/ecom/products/waitrose-shredded-chicken-with-duck-in-gravy/076762-39037-39038,Waitrose Shredded Chicken with Duck in Gravy,80g,£1.10,£13.75/kg,,Pet
691365,Waitrose Ultra Clumping Cat Litter,G,false,102,https://ecom-su-static-prod.wtrecom.com/images/products/3/LN_691365_BP_3.jpg,https://www.waitrose.com/ecom/products/waitrose-ultra-clumping-cat-litter/691365-760735-760736,Waitrose Ultra Clumping Cat Litter,8litre,£7.75,96.9p/litre,,Pet
582075,"Waitrose Packed Pockets, Chicken and Cheese",G,false,103,https://ecom-su-static-prod.wtrecom.com/images/products/3/LN_582075_BP_3.jpg,https://www.waitrose.com/ecom/products/waitrose-packed-pockets-chicken-and-cheese/582075-175124-175125,"Waitrose Packed Pockets, Chicken and Cheese",65g,£1.00,£15.39/kg,,Pet
698967,FELIX As Good As it Looks Mixed Selection in Jelly Wet Cat Food,G,false,104,https://ecom-su-static-prod.wtrecom.com/images/products/3/LN_698967_BP_3.jpg,https://www.waitrose.com/ecom/products/felix-as-good-as-it-looks-mixed-selection-in-jelly-wet-cat-food/698967-576963-576963,FELIX As Good As it Looks Mixed Selection in Jelly Wet Cat Food,40x100g,£15.50,£3.88/kg,,Pet
758827,Waitrose P&L White Tuna Meat In Gravy,G,false,105,https://ecom-su-static-prod.wtrecom.com/images/products/3/LN_758827_BP_3.jpg,https://www.waitrose.com/ecom/products/waitrose-pl-white-tuna-meat-in-gravy/758827-772482-772483,Waitrose P&L White Tuna Meat In Gravy,80g,£1.10,£13.75/kg,,Pet
433905,Encore Tuna With Whitebait,G,false,106,https://ecom-su-static-prod.wtrecom.com/images/products/3/LN_433905_BP_3.jpg,https://www.waitrose.com/ecom/products/encore-tuna-with-whitebait/433905-416464-416465,Encore Tuna With Whitebait,70g,£1.15,£16.43/kg,,Pet
878364,Good Boy Chewy Chicken & Rice Sticks,G,true,107,https://ecom-su-static-prod.wtrecom.com/images/products/3/LN_878364_BP_3.jpg,https://www.waitrose.com/ecom/products/good-boy-chewy-chicken-rice-sticks/878364-751873-751874,Good Boy Chewy Chicken & Rice Sticks,90g,£3.30,£36.67/kg,Add 3 for £7.50,Pet
055997,FELIX As Good As it Looks Favourites Selection Wet Cat Food,G,true,108,https://ecom-su-static-prod.wtrecom.com/images/products/3/LN_055997_BP_3.jpg,https://www.waitrose.com/ecom/products/felix-as-good-as-it-looks-favourites-selection-wet-cat-food/055997-28058-28058,FELIX As Good As it Looks Favourites Selection Wet Cat Food,12x100g,£5.25,£4.38/kg,Add 2 for £9,Pet
442852,Forthglage Chicken Complete Meal,G,true,109,https://ecom-su-static-prod.wtrecom.com/images/products/3/LN_442852_BP_3.jpg,https://www.waitrose.com/ecom/products/forthglage-chicken-complete-meal/442852-790591-790592,Forthglage Chicken Complete Meal,395g,£1.45,£3.68/kg,25% Off. Was £1.95,Pet
839525,WINALOT Meaty Chunks Mixed in Gravy Wet Dog Food,G,true,110,https://ecom-su-static-prod.wtrecom.com/images/products/3/LN_839525_BP_3.jpg,https://www.waitrose.com/ecom/products/winalot-meaty-chunks-mixed-in-gravy-wet-dog-food/839525-790800-790800,WINALOT Meaty Chunks Mixed in Gravy Wet Dog Food,1200g,£4.00,£3.34/kg,save 75p. Was £4.75,Pet
740830,Good Boy Mega Chewy Chicken with Carrot Stick,G,true,111,https://ecom-su-static-prod.wtrecom.com/images/products/3/LN_740830_BP_3.jpg,https://www.waitrose.com/ecom/products/good-boy-mega-chewy-chicken-with-carrot-stick/740830-731846-731847,Good Boy Mega Chewy Chicken with Carrot Stick,100g,£3.00,£30/kg,Add 3 for £7.50,Pet
083862,Waitrose Chicken with Game in Jelly,G,false,112,https://ecom-su-static-prod.wtrecom.com/images/products/3/LN_083862_BP_3.jpg,https://www.waitrose.com/ecom/products/waitrose-chicken-with-game-in-jelly/083862-42590-42591,Waitrose Chicken with Game in Jelly,400g,£1.00,£2.50/kg,,Pet
648699,Barking Heads Bowl Lickin' Chicken,G,true,113,https://ecom-su-static-prod.wtrecom.com/images/products/3/LN_648699_BP_3.jpg,https://www.waitrose.com/ecom/products/barking-heads-bowl-lickin-chicken/648699-660531-660532,Barking Heads Bowl Lickin' Chicken,300g,£1.92,£6.40/kg,20% Off. Was £2.40,Pet
578356,FELIX Doubly Delicious Meat Selection in Jelly Wet Cat Food,G,true,114,https://ecom-su-static-prod.wtrecom.com/images/products/3/LN_578356_BP_3.jpg,https://www.waitrose.com/ecom/products/felix-doubly-delicious-meat-selection-in-jelly-wet-cat-food/578356-215986-215986,FELIX Doubly Delicious Meat Selection in Jelly Wet Cat Food,12x100g,£5.25,£4.38/kg,Add 2 for £9,Pet
795483,Lily's Kitchen Cottage Pie Tray Dog Food,G,false,115,https://ecom-su-static-prod.wtrecom.com/images/products/3/LN_795483_BP_3.jpg,https://www.waitrose.com/ecom/products/lilys-kitchen-cottage-pie-tray-dog-food/795483-815148-815149,Lily's Kitchen Cottage Pie Tray Dog Food,150g,£1.60,£10.67/kg,,Pet
803420,Essential Meat Selection in Jelly & Gravy,G,false,116,https://ecom-su-static-prod.wtrecom.com/images/products/3/LN_803420_BP_3.jpg,https://www.waitrose.com/ecom/products/essential-meat-selection-in-jelly-gravy/803420-175327-175327,Essential Meat Selection in Jelly & Gravy,12x100g,£3.80,£3.17/kg,,Pet
792199,Cesar Classic Terrine Selection,G,false,117,https://ecom-su-static-prod.wtrecom.com/images/products/3/LN_792199_BP_3.jpg,https://www.waitrose.com/ecom/products/cesar-classic-terrine-selection/792199-750992-750992,Cesar Classic Terrine Selection,8x150g,£7.00,£5.84/kg,,Pet
838152,Waitrose Denta Twist,G,false,118,https://ecom-su-static-prod.wtrecom.com/images/products/3/LN_838152_BP_3.jpg,https://www.waitrose.com/ecom/products/waitrose-denta-twist/838152-767709-767710,Waitrose Denta Twist,720g,£3.75,£5.21/kg,,Pet
736402,Lily's Kitchen Chicken & Duck Grain-Free Dry Dog Food,G,false,119,https://ecom-su-static-prod.wtrecom.com/images/products/3/LN_736402_BP_3.jpg,https://www.waitrose.com/ecom/products/lilys-kitchen-chicken-duck-grain-free-dry-dog-food/736402-216049-216050,Lily's Kitchen Chicken & Duck Grain-Free Dry Dog Food,1kg,£10.00,£10/kg,,Pet
409665,DENTALIFE Medium Dental Chicken Dog Chews,G,false,120,https://ecom-su-static-prod.wtrecom.com/images/products/3/LN_409665_BP_3.jpg,https://www.waitrose.com/ecom/products/dentalife-medium-dental-chicken-dog-chews/409665-562996-562997,DENTALIFE Medium Dental Chicken Dog Chews,115g,£1.75,£15.22/kg,,Pet
070894,PURINA ONE Chicken Dry Cat Food,G,false,121,https://ecom-su-static-prod.wtrecom.com/images/products/3/LN_070894_BP_3.jpg,https://www.waitrose.com/ecom/products/purina-one-chicken-dry-cat-food/070894-35939-35940,PURINA ONE Chicken Dry Cat Food,800g,£7.65,£9.57/kg,,Pet
863261,Encore Treat Whole Tuna Loin,G,false,122,https://ecom-su-static-prod.wtrecom.com/images/products/3/LN_863261_BP_3.jpg,https://www.waitrose.com/ecom/products/encore-treat-whole-tuna-loin/863261-751701-751702,Encore Treat Whole Tuna Loin,30g,£1.80,£60/kg,,Pet
541560,Forthglade Chicken With Duck Bites,G,true,123,https://ecom-su-static-prod.wtrecom.com/images/products/3/LN_541560_BP_3.jpg,https://www.waitrose.com/ecom/products/forthglade-chicken-with-duck-bites/541560-721244-721245,Forthglade Chicken With Duck Bites,90g,£1.85,£20.56/kg,25% Off. Was £2.50,Pet
720619,Lily's Kitchen Senior Recipe Wet Food for Dogs,G,true,124,https://ecom-su-static-prod.wtrecom.com/images/products/3/LN_720619_BP_3.jpg,https://www.waitrose.com/ecom/products/lilys-kitchen-senior-recipe-wet-food-for-dogs/720619-411933-411934,Lily's Kitchen Senior Recipe Wet Food for Dogs,400g,£2.50,£6.25/kg,25% Off. Was £3.35,Pet
899580,Good Boy Large Chewy Braid,G,true,125,https://ecom-su-static-prod.wtrecom.com/images/products/3/LN_899580_BP_3.jpg,https://www.waitrose.com/ecom/products/good-boy-large-chewy-braid/899580-661063-661064,Good Boy Large Chewy Braid,90g,£3.00,£33.34/kg,Add 3 for £7.50,Pet
487928,GOURMET Gold Savoury Cake Meat and Fish Variety Wet Cat Food,G,false,126,https://ecom-su-static-prod.wtrecom.com/images/products/3/LN_487928_BP_3.jpg,https://www.waitrose.com/ecom/products/gourmet-gold-savoury-cake-meat-and-fish-variety-wet-cat-food/487928-696788-696788,GOURMET Gold Savoury Cake Meat and Fish Variety Wet Cat Food,8x85g,£5.00,£7.36/kg,,Pet
811819,Lily's Kitchen Woofbrush Dental Chew for Dogs Medium Pack,G,true,127,https://ecom-su-static-prod.wtrecom.com/images/products/3/LN_811819_BP_3.jpg,https://www.waitrose.com/ecom/products/lilys-kitchen-woofbrush-dental-chew-for-dogs-medium-pack/811819-707637-707638,Lily's Kitchen Woofbrush Dental Chew for Dogs Medium Pack,7s,£6.30,90p each,25% Off. Was £8.50,Pet
651694,GO-CAT Senior Chicken and Turkey Dry Cat Food,G,false,128,https://ecom-su-static-prod.wtrecom.com/images/products/3/LN_651694_BP_3.jpg,https://www.waitrose.com/ecom/products/go-cat-senior-chicken-and-turkey-dry-cat-food/651694-758918-758919,GO-CAT Senior Chicken and Turkey Dry Cat Food,750g,£3.40,£4.54/kg,,Pet
473428,"FELIX Goody Bag Original Chicken, Liver and Turkey Cat Treats",G,true,129,https://ecom-su-static-prod.wtrecom.com/images/products/3/LN_473428_BP_3.jpg,https://www.waitrose.com/ecom/products/felix-goody-bag-original-chicken-liver-and-turkey-cat-treats/473428-586447-586448,"FELIX Goody Bag Original Chicken, Liver and Turkey Cat Treats",200g,£3.00,£15/kg,save 90p. Was £3.90,Pet
006506,Whiskas 1+ Fish Selection in Jelly,G,true,130,https://ecom-su-static-prod.wtrecom.com/images/products/3/LN_006506_BP_3.jpg,https://www.waitrose.com/ecom/products/whiskas-1-fish-selection-in-jelly/006506-2910-2910,Whiskas 1+ Fish Selection in Jelly,12x85g,£4.25,£4.17/kg,save 50p. Was £4.75,Pet
863715,Sheba Perfect Portions Tuna in Rich Gravy,G,false,131,https://ecom-su-static-prod.wtrecom.com/images/products/3/LN_863715_BP_3.jpg,https://www.waitrose.com/ecom/products/sheba-perfect-portions-tuna-in-rich-gravy/863715-758946-758947,Sheba Perfect Portions Tuna in Rich Gravy,6x37.5g,£2.75,£12.23/kg,,Pet
086823,PURINA ONE Salmon Dry Cat Food,G,false,132,https://ecom-su-static-prod.wtrecom.com/images/products/3/LN_086823_BP_3.jpg,https://www.waitrose.com/ecom/products/purina-one-salmon-dry-cat-food/086823-44360-44361,PURINA ONE Salmon Dry Cat Food,800g,£7.65,£9.57/kg,,Pet
097557,Whiskas 1+ Poultry Selection in Jelly,G,true,133,https://ecom-su-static-prod.wtrecom.com/images/products/3/LN_097557_BP_3.jpg,https://www.waitrose.com/ecom/products/whiskas-1-poultry-selection-in-jelly/097557-49810-49810,Whiskas 1+ Poultry Selection in Jelly,12x85g,£4.25,£4.17/kg,save 50p. Was £4.75,Pet
734144,SHEBA Fresh & Fine Cat Pouches Chicken & Turkey in Gravy,G,false,134,https://ecom-su-static-prod.wtrecom.com/images/products/3/LN_734144_BP_3.jpg,https://www.waitrose.com/ecom/products/sheba-fresh-fine-cat-pouches-chicken-turkey-in-gravy/734144-824863-824863,SHEBA Fresh & Fine Cat Pouches Chicken & Turkey in Gravy,6x50g,£2.35,£7.84/kg,,Pet
439414,Harringtons Adult Lamb Dry Food,G,true,135,https://ecom-su-static-prod.wtrecom.com/images/products/3/LN_439414_BP_3.jpg,https://www.waitrose.com/ecom/products/harringtons-adult-lamb-dry-food/439414-118828-118829,Harringtons Adult Lamb Dry Food,1.7Kg,£4.50,£2.65/kg,save 95p. Was £5.45,Pet
809750,Waitrose Beef Supreme with Potatoes,G,false,136,https://ecom-su-static-prod.wtrecom.com/images/products/3/LN_809750_BP_3.jpg,https://www.waitrose.com/ecom/products/waitrose-beef-supreme-with-potatoes/809750-772490-772491,Waitrose Beef Supreme with Potatoes,300g,£1.40,£4.67/kg,,Pet
599760,Forthglade Salmon With Herring Bites,G,true,137,https://ecom-su-static-prod.wtrecom.com/images/products/3/LN_599760_BP_3.jpg,https://www.waitrose.com/ecom/products/forthglade-salmon-with-herring-bites/599760-721302-721303,Forthglade Salmon With Herring Bites,90g,£1.85,£20.56/kg,25% Off. Was £2.50,Pet
482029,Lily's Kitchen Bedtime Biscuits Dog Treats,G,false,138,https://ecom-su-static-prod.wtrecom.com/images/products/3/LN_482029_BP_3.jpg,https://www.waitrose.com/ecom/products/lilys-kitchen-bedtime-biscuits-dog-treats/482029-758886-758887,Lily's Kitchen Bedtime Biscuits Dog Treats,80g,£3.40,£42.50/kg,,Pet
846426,BAKERS Small Dog Chicken Dry Dog Food,G,true,139,https://ecom-su-static-prod.wtrecom.com/images/products/3/LN_846426_BP_3.jpg,https://www.waitrose.com/ecom/products/bakers-small-dog-chicken-dry-dog-food/846426-667319-667320,BAKERS Small Dog Chicken Dry Dog Food,1.1kg,£3.50,£3.19/kg,save 80p. Was £4.30,Pet
830846,GOURMET Gold Succulent Delights Wet Cat Food,G,false,140,https://ecom-su-static-prod.wtrecom.com/images/products/3/LN_830846_BP_3.jpg,https://www.waitrose.com/ecom/products/gourmet-gold-succulent-delights-wet-cat-food/830846-794777-794777,GOURMET Gold Succulent Delights Wet Cat Food,8x85g,£5.00,£7.36/kg,,Pet
828265,Lily's Kitchen Scrumptious Duck & Venison Sausages Dog Treats,G,true,141,https://ecom-su-static-prod.wtrecom.com/images/products/3/LN_828265_BP_3.jpg,https://www.waitrose.com/ecom/products/lilys-kitchen-scrumptious-duck-venison-sausages-dog-treats/828265-707651-707652,Lily's Kitchen Scrumptious Duck & Venison Sausages Dog Treats,70g,£2.75,£39.29/kg,25% Off. Was £3.70,Pet
572677,Pedigree Dentastix 28 Sticks 10-25kg,G,false,142,https://ecom-su-static-prod.wtrecom.com/images/products/3/LN_572677_BP_3.jpg,https://www.waitrose.com/ecom/products/pedigree-dentastix-28-sticks-10-25kg/572677-81135-81136,Pedigree Dentastix 28 Sticks 10-25kg,4x180g,£8.20,£11.39/kg,,Pet
761317,Scrumbles Salmon Natural Dog Treats 90g,G,false,143,https://ecom-su-static-prod.wtrecom.com/images/products/3/LN_761317_BP_3.jpg,https://www.waitrose.com/ecom/products/scrumbles-salmon-natural-dog-treats-90g/761317-790753-790754,Scrumbles Salmon Natural Dog Treats 90g,90g,£2.75,£30.56/kg,,Pet
747984,Felix Crispies Cat Treats Beef & Chicken,G,true,144,https://ecom-su-static-prod.wtrecom.com/images/products/3/LN_747984_BP_3.jpg,https://www.waitrose.com/ecom/products/felix-crispies-cat-treats-beef-chicken/747984-790741-790742,Felix Crispies Cat Treats Beef & Chicken,45g,£1.40,£31.12/kg,Add 2 for £2,Pet
613193,Peckish Complete Seed & Nut Mix,G,false,145,https://ecom-su-static-prod.wtrecom.com/images/products/3/LN_613193_BP_3.jpg,https://www.waitrose.com/ecom/products/peckish-complete-seed-nut-mix/613193-691043-691044,Peckish Complete Seed & Nut Mix,1.7Kg,£4.40,£2.59/kg,,Pet
497928,Forthglade Rewards Treats Chicken & Liver,G,true,146,https://ecom-su-static-prod.wtrecom.com/images/products/3/LN_497928_BP_3.jpg,https://www.waitrose.com/ecom/products/forthglade-rewards-treats-chicken-liver/497928-815119-815120,Forthglade Rewards Treats Chicken & Liver,90g,£1.85,£2.06/100g,25% Off. Was £2.50,Pet
706707,Barking Heads Beef Waggington,G,true,147,https://ecom-su-static-prod.wtrecom.com/images/products/3/LN_706707_BP_3.jpg,https://www.waitrose.com/ecom/products/barking-heads-beef-waggington/706707-660629-660630,Barking Heads Beef Waggington,300g,£1.92,£6.40/kg,20% Off. Was £2.40,Pet
644105,Butcher's Meaty Recipes in Jelly,G,false,148,https://ecom-su-static-prod.wtrecom.com/images/products/3/LN_644105_BP_3.jpg,https://www.waitrose.com/ecom/products/butchers-meaty-recipes-in-jelly/644105-675839-675839,Butcher's Meaty Recipes in Jelly,6x400g,£6.00,£2.50/kg,,Pet
524480,Waitrose Complete & Balanced Adult Chicken,G,false,149,https://ecom-su-static-prod.wtrecom.com/images/products/3/LN_524480_BP_3.jpg,https://www.waitrose.com/ecom/products/waitrose-complete-balanced-adult-chicken/524480-767552-767553,Waitrose Complete & Balanced Adult Chicken,2.5KG,£4.10,£1.64/kg,,Pet
758441,Good Boy Chewy Twists with Chicken,G,false,150,https://ecom-su-static-prod.wtrecom.com/images/products/3/LN_758441_BP_3.jpg,https://www.waitrose.com/ecom/products/good-boy-chewy-twists-with-chicken/758441-588733-588734,Good Boy Chewy Twists with Chicken,320g,£9.35,£29.22/kg,,Pet
553721,Lily's Kitchen Organic Fish Paté Wet Food for Cats,G,false,151,https://ecom-su-static-prod.wtrecom.com/images/products/3/LN_553721_BP_3.jpg,https://www.waitrose.com/ecom/products/lilys-kitchen-organic-fish-pate-wet-food-for-cats/553721-527000-527001,Lily's Kitchen Organic Fish Paté Wet Food for Cats,85g,£1.25,£14.71/kg,,Pet
435759,"Naturo Chicken, Fruit & Vegetables in Gravy",G,true,152,https://ecom-su-static-prod.wtrecom.com/images/products/3/LN_435759_BP_3.jpg,https://www.waitrose.com/ecom/products/naturo-chicken-fruit-vegetables-in-gravy/435759-748716-748717,"Naturo Chicken, Fruit & Vegetables in Gravy",390g,£1.10,£2.83/kg,save 30p. Was £1.40,Pet
694562,IAMS Cat Adult Chicken,G,true,153,https://ecom-su-static-prod.wtrecom.com/images/products/3/LN_694562_BP_3.jpg,https://www.waitrose.com/ecom/products/iams-cat-adult-chicken/694562-815322-815323,IAMS Cat Adult Chicken,800g,£5.40,£6.75/kg,Add 2 for £9,Pet
795263,Good Boy Beef Fillets Dog Treats,G,true,154,https://ecom-su-static-prod.wtrecom.com/images/products/3/LN_795263_BP_3.jpg,https://www.waitrose.com/ecom/products/good-boy-beef-fillets-dog-treats/795263-751017-751018,Good Boy Beef Fillets Dog Treats,90g,£3.00,£33.34/kg,Add 3 for £7.50,Pet
863403,Lily's Kitchen Venison & Wild Boar Terrine Wet Food for Dogs,G,true,155,https://ecom-su-static-prod.wtrecom.com/images/products/3/LN_863403_BP_3.jpg,https://www.waitrose.com/ecom/products/lilys-kitchen-venison-wild-boar-terrine-wet-food-for-dogs/863403-807020-807021,Lily's Kitchen Venison & Wild Boar Terrine Wet Food for Dogs,400g,£2.50,£6.25/kg,25% Off. Was £3.35,Pet
633373,Chappie Original Chicken & Rice,G,false,156,https://ecom-su-static-prod.wtrecom.com/images/products/3/LN_633373_BP_3.jpg,https://www.waitrose.com/ecom/products/chappie-original-chicken-rice/633373-89964-89964,Chappie Original Chicken & Rice,6x412g,£9.50,£3.85/kg,,Pet
768378,Waitrose Grain Free Beef Patties,G,false,157,https://ecom-su-static-prod.wtrecom.com/images/products/3/LN_768378_BP_3.jpg,https://www.waitrose.com/ecom/products/waitrose-grain-free-beef-patties/768378-767665-767666,Waitrose Grain Free Beef Patties,70g,£2.25,£32.15/kg,,Pet
753827,Blink! Flaked Tuna Fillets Pouch,G,false,158,https://ecom-su-static-prod.wtrecom.com/images/products/3/LN_753827_BP_3.jpg,https://www.waitrose.com/ecom/products/blink-flaked-tuna-fillets-pouch/753827-750745-750746,Blink! Flaked Tuna Fillets Pouch,85g,£1.25,£14.71/kg,,Pet
055087,Butcher's Traditional Recipes Dog Food Trays,G,false,159,https://ecom-su-static-prod.wtrecom.com/images/products/3/LN_055087_BP_3.jpg,https://www.waitrose.com/ecom/products/butchers-traditional-recipes-dog-food-trays/055087-27682-27682,Butcher's Traditional Recipes Dog Food Trays,12x150g,£7.55,£4.20/kg,,Pet
740877,Waitrose Packed Pockets with Salmon,G,false,160,https://ecom-su-static-prod.wtrecom.com/images/products/3/LN_740877_BP_3.jpg,https://www.waitrose.com/ecom/products/waitrose-packed-pockets-with-salmon/740877-767651-767652,Waitrose Packed Pockets with Salmon,65g,£1.00,£15.39/kg,,Pet
460523,Butcher's Recipes Dog Food in Gravy Variety Pack,G,false,161,https://ecom-su-static-prod.wtrecom.com/images/products/3/LN_460523_BP_3.jpg,https://www.waitrose.com/ecom/products/butchers-recipes-dog-food-in-gravy-variety-pack/460523-815193-815193,Butcher's Recipes Dog Food in Gravy Variety Pack,6x400g,£6.00,£2.50/kg,,Pet
676877,FELIX As Good As it Looks Kitten Mixed in Jelly Wet Cat Food,G,true,162,https://ecom-su-static-prod.wtrecom.com/images/products/3/LN_676877_BP_3.jpg,https://www.waitrose.com/ecom/products/felix-as-good-as-it-looks-kitten-mixed-in-jelly-wet-cat-food/676877-96146-96146,FELIX As Good As it Looks Kitten Mixed in Jelly Wet Cat Food,12x100g,£5.25,£4.38/kg,Add 2 for £9,Pet
405808,SHEBA Fresh & Fine Cat Pouches with Tuna & Cod in Gravy,G,false,163,https://ecom-su-static-prod.wtrecom.com/images/products/3/LN_405808_BP_3.jpg,https://www.waitrose.com/ecom/products/sheba-fresh-fine-cat-pouches-with-tuna-cod-in-gravy/405808-824728-824728,SHEBA Fresh & Fine Cat Pouches with Tuna & Cod in Gravy,6x50g,£2.35,£7.84/kg,,Pet
404908,Lily's Kitchen Chew Sticks with Lamb Dog Treats,G,true,164,https://ecom-su-static-prod.wtrecom.com/images/products/3/LN_404908_BP_3.jpg,https://www.waitrose.com/ecom/products/lilys-kitchen-chew-sticks-with-lamb-dog-treats/404908-767518-767519,Lily's Kitchen Chew Sticks with Lamb Dog Treats,120g,£2.45,£20.42/kg,save 70p. Was £3.15,Pet
059103,GO-CAT Chicken and Duck Dry Cat Food,G,false,165,https://ecom-su-static-prod.wtrecom.com/images/products/3/LN_059103_BP_3.jpg,https://www.waitrose.com/ecom/products/go-cat-chicken-and-duck-dry-cat-food/059103-29748-29749,GO-CAT Chicken and Duck Dry Cat Food,2kg,£6.55,£3.28/kg,,Pet
592352,Waitrose Cat Complete Balance Chic and Veg,G,false,166,https://ecom-su-static-prod.wtrecom.com/images/products/3/LN_592352_BP_3.jpg,https://www.waitrose.com/ecom/products/waitrose-cat-complete-balance-chic-and-veg/592352-767589-767590,Waitrose Cat Complete Balance Chic and Veg,950g,£2.20,£2.32/kg,,Pet
708945,GO-CAT Herring and Tuna Dry Cat Food,G,false,167,https://ecom-su-static-prod.wtrecom.com/images/products/3/LN_708945_BP_3.jpg,https://www.waitrose.com/ecom/products/go-cat-herring-and-tuna-dry-cat-food/708945-758926-758927,GO-CAT Herring and Tuna Dry Cat Food,750g,£3.30,£4.40/kg,,Pet
842256,Lily's Kitchen Pork & Apple Sausages for Dogs,G,true,168,https://ecom-su-static-prod.wtrecom.com/images/products/3/LN_842256_BP_3.jpg,https://www.waitrose.com/ecom/products/lilys-kitchen-pork-apple-sausages-for-dogs/842256-815415-815416,Lily's Kitchen Pork & Apple Sausages for Dogs,70g,£2.75,£3.93/100g,25% Off. Was £3.70,Pet
555487,Whiskas Senior With Chicken,G,false,169,https://ecom-su-static-prod.wtrecom.com/images/products/3/LN_555487_BP_3.jpg,https://www.waitrose.com/ecom/products/whiskas-senior-with-chicken/555487-460982-460983,Whiskas Senior With Chicken,800g,£4.70,£5.88/kg,,Pet
668471,GOURMET Perle Country Medley in Jelly Wet Cat Food,G,false,170,https://ecom-su-static-prod.wtrecom.com/images/products/3/LN_668471_BP_3.jpg,https://www.waitrose.com/ecom/products/gourmet-perle-country-medley-in-jelly-wet-cat-food/668471-586672-586672,GOURMET Perle Country Medley in Jelly Wet Cat Food,12x85g,£5.80,£5.69/kg,,Pet
755444,IAMS Cat Adult Tuna,G,true,171,https://ecom-su-static-prod.wtrecom.com/images/products/3/LN_755444_BP_3.jpg,https://www.waitrose.com/ecom/products/iams-cat-adult-tuna/755444-815351-815352,IAMS Cat Adult Tuna,800g,£5.40,£6.75/kg,Add 2 for £9,Pet
633127,Encore Cat Tin Multipack Fish Selection,G,true,172,https://ecom-su-static-prod.wtrecom.com/images/products/3/LN_633127_BP_3.jpg,https://www.waitrose.com/ecom/products/encore-cat-tin-multipack-fish-selection/633127-815290-815290,Encore Cat Tin Multipack Fish Selection,12x70g,£9.55,£1.14/100g,25% Off. Was £12.75,Pet
409752,Butcher's Succulent Recipes Dog Food Trays,G,false,173,https://ecom-su-static-prod.wtrecom.com/images/products/3/LN_409752_BP_3.jpg,https://www.waitrose.com/ecom/products/butchers-succulent-recipes-dog-food-trays/409752-118799-118799,Butcher's Succulent Recipes Dog Food Trays,12x150g,£7.55,£4.20/kg,,Pet
684958,Pedigree Mini Jumbone with Beef & Poultry,G,false,174,https://ecom-su-static-prod.wtrecom.com/images/products/3/LN_684958_BP_3.jpg,https://www.waitrose.com/ecom/products/pedigree-mini-jumbone-with-beef-poultry/684958-97304-97305,Pedigree Mini Jumbone with Beef & Poultry,4s,£2.60,65p each,,Pet
446247,Lily's Kitchen Chew Sticks with Chicken Dog Treats,G,true,175,https://ecom-su-static-prod.wtrecom.com/images/products/3/LN_446247_BP_3.jpg,https://www.waitrose.com/ecom/products/lilys-kitchen-chew-sticks-with-chicken-dog-treats/446247-767530-767531,Lily's Kitchen Chew Sticks with Chicken Dog Treats,120g,£2.45,£20.42/kg,save 70p. Was £3.15,Pet
507529,Encore in Jelly Fish Selection,G,false,176,https://ecom-su-static-prod.wtrecom.com/images/products/3/LN_507529_BP_3.jpg,https://www.waitrose.com/ecom/products/encore-in-jelly-fish-selection/507529-586496-586496,Encore in Jelly Fish Selection,5x50g,£4.95,£19.80/kg,,Pet
670189,GOURMET Perle Connoisseur's Collection in Gravy Wet Cat Food,G,false,177,https://ecom-su-static-prod.wtrecom.com/images/products/3/LN_670189_BP_3.jpg,https://www.waitrose.com/ecom/products/gourmet-perle-connoisseurs-collection-in-gravy-wet-cat-food/670189-216020-216020,GOURMET Perle Connoisseur's Collection in Gravy Wet Cat Food,12x85g,£5.80,£5.69/kg,,Pet
829721,Naturo Variety Pack in Gravy,G,false,178,https://ecom-su-static-prod.wtrecom.com/images/products/3/LN_829721_BP_3.jpg,https://www.waitrose.com/ecom/products/naturo-variety-pack-in-gravy/829721-751349-751349,Naturo Variety Pack in Gravy,6x390g,£7.45,£3.19/kg,,Pet
568739,Waitrose Grain Free Jerky Bites,G,false,179,https://ecom-su-static-prod.wtrecom.com/images/products/3/LN_568739_BP_3.jpg,https://www.waitrose.com/ecom/products/waitrose-grain-free-jerky-bites/568739-767568-767569,Waitrose Grain Free Jerky Bites,70g,£2.25,£32.15/kg,,Pet
572702,FELIX As Good As it Looks Ocean Feasts Wet Cat Food,G,false,180,https://ecom-su-static-prod.wtrecom.com/images/products/3/LN_572702_BP_3.jpg,https://www.waitrose.com/ecom/products/felix-as-good-as-it-looks-ocean-feasts-wet-cat-food/572702-576762-576762,FELIX As Good As it Looks Ocean Feasts Wet Cat Food,40x100g,£15.50,£3.88/kg,,Pet
811714,Waitrose P&L Tuna Collection in Gravy,G,false,181,https://ecom-su-static-prod.wtrecom.com/images/products/3/LN_811714_BP_3.jpg,https://www.waitrose.com/ecom/products/waitrose-pl-tuna-collection-in-gravy/811714-772493-772493,Waitrose P&L Tuna Collection in Gravy,6x85g,£5.25,£10.30/kg,,Pet
913818,PEDIGREE Schmackos Dog Treats Meat Variety Pack,G,false,182,https://ecom-su-static-prod.wtrecom.com/images/products/3/LN_913818_BP_3.jpg,https://www.waitrose.com/ecom/products/pedigree-schmackos-dog-treats-meat-variety-pack/913818-824964-824965,PEDIGREE Schmackos Dog Treats Meat Variety Pack,114g,£1.50,£13.16/kg,,Pet
855576,HiLife It's Only Natural Chicken Breast Treat,G,false,183,https://ecom-su-static-prod.wtrecom.com/images/products/3/LN_855576_BP_3.jpg,https://www.waitrose.com/ecom/products/hilife-its-only-natural-chicken-breast-treat/855576-362021-362022,HiLife It's Only Natural Chicken Breast Treat,10g,£1.85,£185/kg,,Pet
548725,PURINA ONE Mini Fillets Ocean Fish and Lamb Wet Cat Food,G,false,184,https://ecom-su-static-prod.wtrecom.com/images/products/3/LN_548725_BP_3.jpg,https://www.waitrose.com/ecom/products/purina-one-mini-fillets-ocean-fish-and-lamb-wet-cat-food/548725-793672-215972,PURINA ONE Mini Fillets Ocean Fish and Lamb Wet Cat Food,8x85g,£5.00,£7.36/kg,,Pet
804197,Pedigree Dentastix 21 Sticks Large 25kg+ Dog,G,false,185,https://ecom-su-static-prod.wtrecom.com/images/products/3/LN_804197_BP_3.jpg,https://www.waitrose.com/ecom/products/pedigree-dentastix-21-sticks-large-25kg-dog/804197-758940-758941,Pedigree Dentastix 21 Sticks Large 25kg+ Dog,3x270g,£8.20,£10.13/kg,,Pet
576549,Essential Fish Selection in Jelly,G,false,186,https://ecom-su-static-prod.wtrecom.com/images/products/3/LN_576549_BP_3.jpg,https://www.waitrose.com/ecom/products/essential-fish-selection-in-jelly/576549-175117-175117,Essential Fish Selection in Jelly,12x100g,£3.80,£3.17/kg,,Pet
887105,Cesar Country Stew Selection,G,false,187,https://ecom-su-static-prod.wtrecom.com/images/products/3/LN_887105_BP_3.jpg,https://www.waitrose.com/ecom/products/cesar-country-stew-selection/887105-751987-751987,Cesar Country Stew Selection,8x150g,£7.00,£5.84/kg,,Pet
824005,WINALOT Sunday Dinner Mixed in Gravy Wet Dog Food,G,true,188,https://ecom-su-static-prod.wtrecom.com/images/products/3/LN_824005_BP_3.jpg,https://www.waitrose.com/ecom/products/winalot-sunday-dinner-mixed-in-gravy-wet-dog-food/824005-815399-815399,WINALOT Sunday Dinner Mixed in Gravy Wet Dog Food,12x100g,£4.00,£3.34/kg,save 75p. Was £4.75,Pet
831657,Naturo Beef with Chicken in Herb Jelly,G,true,189,https://ecom-su-static-prod.wtrecom.com/images/products/3/LN_831657_BP_3.jpg,https://www.waitrose.com/ecom/products/naturo-beef-with-chicken-in-herb-jelly/831657-751369-751370,Naturo Beef with Chicken in Herb Jelly,390g,£1.10,£2.83/kg,save 30p. Was £1.40,Pet
883792,Naturo Variety Pack in Herb Jelly,G,false,190,https://ecom-su-static-prod.wtrecom.com/images/products/3/LN_883792_BP_3.jpg,https://www.waitrose.com/ecom/products/naturo-variety-pack-in-herb-jelly/883792-751954-751954,Naturo Variety Pack in Herb Jelly,6x390g,£7.45,£3.19/kg,,Pet
842315,Whiskas 7+ Poultry Selection in Jelly,G,true,191,https://ecom-su-static-prod.wtrecom.com/images/products/3/LN_842315_BP_3.jpg,https://www.waitrose.com/ecom/products/whiskas-7-poultry-selection-in-jelly/842315-751472-751472,Whiskas 7+ Poultry Selection in Jelly,12x85g,£4.25,£4.17/kg,save 50p. Was £4.75,Pet
750591,FELIX Original Mixed Selection in Jelly Wet Cat Food,G,false,192,https://ecom-su-static-prod.wtrecom.com/images/products/3/LN_750591_BP_3.jpg,https://www.waitrose.com/ecom/products/felix-original-mixed-selection-in-jelly-wet-cat-food/750591-820122-820122,FELIX Original Mixed Selection in Jelly Wet Cat Food,40x85g,£11.00,0.3p/kg,,Pet
749505,Lily's Kitchen Classic Dinners Wet Dog Food,G,true,193,https://ecom-su-static-prod.wtrecom.com/images/products/3/LN_749505_BP_3.jpg,https://www.waitrose.com/ecom/products/lilys-kitchen-classic-dinners-wet-dog-food/749505-586785-586785,Lily's Kitchen Classic Dinners Wet Dog Food,6x400g,£16.00,£6.67/kg,save £3.00. Was £19.00,Pet
735825,Lily's Kitchen Chicken & Duck Grain-Free Dry Dog Food,G,true,194,https://ecom-su-static-prod.wtrecom.com/images/products/3/LN_735825_BP_3.jpg,https://www.waitrose.com/ecom/products/lilys-kitchen-chicken-duck-grain-free-dry-dog-food/735825-586758-586759,Lily's Kitchen Chicken & Duck Grain-Free Dry Dog Food,2.5kg,£16.65,£6.66/kg,save £4.35. Was £21.00,Pet
797762,Waitrose Adult Chicken & Sweet Potato,G,false,195,https://ecom-su-static-prod.wtrecom.com/images/products/3/LN_797762_BP_3.jpg,https://www.waitrose.com/ecom/products/waitrose-adult-chicken-sweet-potato/797762-767673-767674,Waitrose Adult Chicken & Sweet Potato,2KG,£7.10,£3.55/kg,,Pet
881268,Sheba Fine Flakes in Gravy Fish Selection,G,false,196,https://ecom-su-static-prod.wtrecom.com/images/products/3/LN_881268_BP_3.jpg,https://www.waitrose.com/ecom/products/sheba-fine-flakes-in-gravy-fish-selection/881268-721729-721729,Sheba Fine Flakes in Gravy Fish Selection,12x85g,£5.80,£5.69/kg,,Pet
580220,GOURMET Nature's Creations Poultry Wet Cat Food,G,false,197,https://ecom-su-static-prod.wtrecom.com/images/products/3/LN_580220_BP_3.jpg,https://www.waitrose.com/ecom/products/gourmet-natures-creations-poultry-wet-cat-food/580220-815264-815264,GOURMET Nature's Creations Poultry Wet Cat Food,8x85g,£6.30,£9.27/kg,,Pet
666031,GOURMET Gold Senior 7+ Pate Fish Wet Cat Food,G,false,198,https://ecom-su-static-prod.wtrecom.com/images/products/3/LN_666031_BP_3.jpg,https://www.waitrose.com/ecom/products/gourmet-gold-senior-7-pate-fish-wet-cat-food/666031-721378-721378,GOURMET Gold Senior 7+ Pate Fish Wet Cat Food,8x85g,£5.00,£7.36/kg,,Pet
086256,Cesar Classics Chicken & Turkey,G,false,199,https://ecom-su-static-prod.wtrecom.com/images/products/3/LN_086256_BP_3.jpg,https://www.waitrose.com/ecom/products/cesar-classics-chicken-turkey/086256-44062-44063,Cesar Classics Chicken & Turkey,150g,£1.30,£8.67/kg,,Pet
857368,GOURMET Perle Chef's Collection in Gravy Wet Cat Food,G,false,200,https://ecom-su-static-prod.wtrecom.com/images/products/3/LN_857368_BP_3.jpg,https://www.waitrose.com/ecom/products/gourmet-perle-chefs-collection-in-gravy-wet-cat-food/857368-721670-721670,GOURMET Perle Chef's Collection in Gravy Wet Cat Food,40x85g,£17.75,£5.23/kg,,Pet
490917,Encore Cat Tin Multipack Chicken Selection,G,true,201,https://ecom-su-static-prod.wtrecom.com/images/products/3/LN_490917_BP_3.jpg,https://www.waitrose.com/ecom/products/encore-cat-tin-multipack-chicken-selection/490917-815207-815207,Encore Cat Tin Multipack Chicken Selection,12x70g,£9.55,£1.14/100g,25% Off. Was £12.75,Pet
888243,Forthglade Adult Sardines Complete Meal,G,true,202,https://ecom-su-static-prod.wtrecom.com/images/products/3/LN_888243_BP_3.jpg,https://www.waitrose.com/ecom/products/forthglade-adult-sardines-complete-meal/888243-815159-815160,Forthglade Adult Sardines Complete Meal,395g,£1.45,£3.68/kg,25% Off. Was £1.95,Pet
093277,PURINA ONE Chicken Dry Cat Food,G,true,203,https://ecom-su-static-prod.wtrecom.com/images/products/3/LN_093277_BP_3.jpg,https://www.waitrose.com/ecom/products/purina-one-chicken-dry-cat-food/093277-47922-47923,PURINA ONE Chicken Dry Cat Food,3kg,£15.00,£5/kg,save £3.50. Was £18.50,Pet
447731,Waitrose Complete & Balanced Senior Dog Food,G,false,204,https://ecom-su-static-prod.wtrecom.com/images/products/3/LN_447731_BP_3.jpg,https://www.waitrose.com/ecom/products/waitrose-complete-balanced-senior-dog-food/447731-767532-767533,Waitrose Complete & Balanced Senior Dog Food,2.5Kg,£4.10,£1.64/kg,,Pet
828347,Hollings Filled Bone with Chicken,G,false,205,https://ecom-su-static-prod.wtrecom.com/images/products/3/LN_828347_BP_3.jpg,https://www.waitrose.com/ecom/products/hollings-filled-bone-with-chicken/828347-784100-784101,Hollings Filled Bone with Chicken,Each,£1.80,£1.80 each,,Pet
029890,Pedigree in Gravy Selection,G,false,206,https://ecom-su-static-prod.wtrecom.com/images/products/3/LN_029890_BP_3.jpg,https://www.waitrose.com/ecom/products/pedigree-in-gravy-selection/029890-14580-14580,Pedigree in Gravy Selection,6x400g,£7.35,£3.07/kg,,Pet
890422,Whiskas 1+ Poultry Selection in Jelly,G,false,207,https://ecom-su-static-prod.wtrecom.com/images/products/3/LN_890422_BP_3.jpg,https://www.waitrose.com/ecom/products/whiskas-1-poultry-selection-in-jelly/890422-456197-456197,Whiskas 1+ Poultry Selection in Jelly,40x85g,£14.40,£4.24/kg,,Pet
871329,IAMS Senior Cat Chicken,G,true,208,https://ecom-su-static-prod.wtrecom.com/images/products/3/LN_871329_BP_3.jpg,https://www.waitrose.com/ecom/products/iams-senior-cat-chicken/871329-815454-815455,IAMS Senior Cat Chicken,800g,£5.40,£6.75/kg,Add 2 for £9,Pet
761921,Whiskas 1+ with Chicken,G,false,209,https://ecom-su-static-prod.wtrecom.com/images/products/3/LN_761921_BP_3.jpg,https://www.waitrose.com/ecom/products/whiskas-1-with-chicken/761921-108357-108358,Whiskas 1+ with Chicken,1.9Kg,£6.90,£3.64/kg,,Pet
577670,AATU for Dogs Angus Beef,G,false,210,https://ecom-su-static-prod.wtrecom.com/images/products/3/LN_577670_BP_3.jpg,https://www.waitrose.com/ecom/products/aatu-for-dogs-angus-beef/577670-667006-667007,AATU for Dogs Angus Beef,400g,£3.25,£8.13/kg,,Pet
579611,Bakers Adult Dry Dog Food Chicken & Vegetable,G,false,211,https://ecom-su-static-prod.wtrecom.com/images/products/3/LN_579611_BP_3.jpg,https://www.waitrose.com/ecom/products/bakers-adult-dry-dog-food-chicken-vegetable/579611-667010-667011,Bakers Adult Dry Dog Food Chicken & Vegetable,3kg,£9.80,£3.27/kg,,Pet
686271,Blink! Roasted Chicken,G,false,212,https://ecom-su-static-prod.wtrecom.com/images/products/3/LN_686271_BP_3.jpg,https://www.waitrose.com/ecom/products/blink-roasted-chicken/686271-727482-727483,Blink! Roasted Chicken,85g,£1.25,£14.71/kg,,Pet
543948,PURINA ONE Coat and Hairball Chicken Dry Cat Food,G,false,213,https://ecom-su-static-prod.wtrecom.com/images/products/3/LN_543948_BP_3.jpg,https://www.waitrose.com/ecom/products/purina-one-coat-and-hairball-chicken-dry-cat-food/543948-727211-727212,PURINA ONE Coat and Hairball Chicken Dry Cat Food,750g,£7.65,£10.20/kg,,Pet
731935,FELIX As Good As it Looks Senior 7+ Mixed in Jelly Wet Cat Food,G,false,214,https://ecom-su-static-prod.wtrecom.com/images/products/3/LN_731935_BP_3.jpg,https://www.waitrose.com/ecom/products/felix-as-good-as-it-looks-senior-7-mixed-in-jelly-wet-cat-food/731935-577012-577012,FELIX As Good As it Looks Senior 7+ Mixed in Jelly Wet Cat Food,40x100g,£15.50,£3.88/kg,,Pet
508588,FELIX Tasty Shreds Farm Selection in Gravy Wet Cat Food,G,true,215,https://ecom-su-static-prod.wtrecom.com/images/products/3/LN_508588_BP_3.jpg,https://www.waitrose.com/ecom/products/felix-tasty-shreds-farm-selection-in-gravy-wet-cat-food/508588-721191-721191,FELIX Tasty Shreds Farm Selection in Gravy Wet Cat Food,12x80g,£4.50,£4.69/kg,save £2.35. Was £6.85,Pet
612438,"Lily's Kitchen Duck, Salmon & Venison Grain-Free Dry Dog Food",G,false,216,https://ecom-su-static-prod.wtrecom.com/images/products/3/LN_612438_BP_3.jpg,https://www.waitrose.com/ecom/products/lilys-kitchen-duck-salmon-venison-grain-free-dry-dog-food/612438-216003-216004,"Lily's Kitchen Duck, Salmon & Venison Grain-Free Dry Dog Food",1kg,£10.00,£10/kg,,Pet
841942,Forthglade Lamb & Chicken Trays,G,false,217,https://ecom-su-static-prod.wtrecom.com/images/products/3/LN_841942_BP_3.jpg,https://www.waitrose.com/ecom/products/forthglade-lamb-chicken-trays/841942-751465-751465,Forthglade Lamb & Chicken Trays,8x150g,£7.15,£5.96/kg,,Pet
035418,FELIX Original Mixed Selection in Gravy Wet Cat Food,G,false,218,https://ecom-su-static-prod.wtrecom.com/images/products/3/LN_035418_BP_3.jpg,https://www.waitrose.com/ecom/products/felix-original-mixed-selection-in-gravy-wet-cat-food/035418-17837-17837,FELIX Original Mixed Selection in Gravy Wet Cat Food,12x85g,£3.90,0.4p/kg,,Pet
459688,Scrumbles Turkey Nibbles Calming Dog Treats 100g,G,false,219,https://ecom-su-static-prod.wtrecom.com/images/products/3/LN_459688_BP_3.jpg,https://www.waitrose.com/ecom/products/scrumbles-turkey-nibbles-calming-dog-treats-100g/459688-806992-806993,Scrumbles Turkey Nibbles Calming Dog Treats 100g,100g,£2.75,£27.50/kg,,Pet
728954,Barking Heads Senior,G,true,220,https://ecom-su-static-prod.wtrecom.com/images/products/3/LN_728954_BP_3.jpg,https://www.waitrose.com/ecom/products/barking-heads-senior/728954-660661-660662,Barking Heads Senior,300g,£1.92,£6.40/kg,20% Off. Was £2.40,Pet
089785,Waitrose Meat Selection in Jelly,G,false,221,https://ecom-su-static-prod.wtrecom.com/images/products/3/LN_089785_BP_3.jpg,https://www.waitrose.com/ecom/products/waitrose-meat-selection-in-jelly/089785-46298-46298,Waitrose Meat Selection in Jelly,6x400g,£5.65,£2.36/kg,,Pet
441121,Barking Heads Little Paws Lickin' Chicken,G,false,222,https://ecom-su-static-prod.wtrecom.com/images/products/3/LN_441121_BP_3.jpg,https://www.waitrose.com/ecom/products/barking-heads-little-paws-lickin-chicken/441121-748738-748739,Barking Heads Little Paws Lickin' Chicken,150g,£1.50,£10/kg,,Pet
767374,Essential Meat & Fish Selection Jelly & Gravy,G,false,223,https://ecom-su-static-prod.wtrecom.com/images/products/3/LN_767374_BP_3.jpg,https://www.waitrose.com/ecom/products/essential-meat-fish-selection-jelly-gravy/767374-527805-527805,Essential Meat & Fish Selection Jelly & Gravy,48x100g,£13.30,£2.78/kg,,Pet
057756,Essential Chunks in Jelly with Chicken,G,false,224,https://ecom-su-static-prod.wtrecom.com/images/products/3/LN_057756_BP_3.jpg,https://www.waitrose.com/ecom/products/essential-chunks-in-jelly-with-chicken/057756-29014-29015,Essential Chunks in Jelly with Chicken,400g,90p,£2.25/kg,,Pet
812335,Encore Cat Pouch Multipack Fish Selection in Gravy,G,false,225,https://ecom-su-static-prod.wtrecom.com/images/products/3/LN_812335_BP_3.jpg,https://www.waitrose.com/ecom/products/encore-cat-pouch-multipack-fish-selection-in-gravy/812335-815391-815391,Encore Cat Pouch Multipack Fish Selection in Gravy,5x50g,£4.60,£1.84/100g,,Pet
868816,Whiskas 7+ Poultry Selection in Jelly,G,false,226,https://ecom-su-static-prod.wtrecom.com/images/products/3/LN_868816_BP_3.jpg,https://www.waitrose.com/ecom/products/whiskas-7-poultry-selection-in-jelly/868816-724715-724715,Whiskas 7+ Poultry Selection in Jelly,40x85g,£14.40,£4.24/kg,,Pet
860209,Barking Heads Puppy Days,G,true,227,https://ecom-su-static-prod.wtrecom.com/images/products/3/LN_860209_BP_3.jpg,https://www.waitrose.com/ecom/products/barking-heads-puppy-days/860209-660957-660958,Barking Heads Puppy Days,300g,£1.92,£6.40/kg,20% Off. Was £2.40,Pet
883895,AATU for Dogs Pork & Wild Boar,G,false,228,https://ecom-su-static-prod.wtrecom.com/images/products/3/LN_883895_BP_3.jpg,https://www.waitrose.com/ecom/products/aatu-for-dogs-pork-wild-boar/883895-667378-667379,AATU for Dogs Pork & Wild Boar,400g,£3.25,£8.13/kg,,Pet
751814,Encore Cat Chicken Broth Selection Pouches,G,false,229,https://ecom-su-static-prod.wtrecom.com/images/products/3/LN_751814_BP_3.jpg,https://www.waitrose.com/ecom/products/encore-cat-chicken-broth-selection-pouches/751814-750723-750723,Encore Cat Chicken Broth Selection Pouches,5x50g,£4.95,£19.80/kg,,Pet
679704,Naturo Adult Dog Food with Rice Variety Pack,G,false,230,https://ecom-su-static-prod.wtrecom.com/images/products/3/LN_679704_BP_3.jpg,https://www.waitrose.com/ecom/products/naturo-adult-dog-food-with-rice-variety-pack/679704-815316-815316,Naturo Adult Dog Food with Rice Variety Pack,6x400g,£8.50,£3.55/kg,,Pet
943955,FELIX Original Senior 7+ Fish Selection in Jelly,G,false,231,https://ecom-su-static-prod.wtrecom.com/images/products/3/LN_943955_BP_3.jpg,https://www.waitrose.com/ecom/products/felix-original-senior-7-fish-selection-in-jelly/943955-824970-824970,FELIX Original Senior 7+ Fish Selection in Jelly,12x85g,£3.90,0.4p/kg,,Pet
923162,Bakers Meaty Meals Small Dog Beef Dry Dog Food,G,false,232,https://ecom-su-static-prod.wtrecom.com/images/products/3/LN_923162_BP_3.jpg,https://www.waitrose.com/ecom/products/bakers-meaty-meals-small-dog-beef-dry-dog-food/923162-824968-824969,Bakers Meaty Meals Small Dog Beef Dry Dog Food,1Kg,£4.60,£4.60/kg,,Pet
918576,PEDIGREE Jumbone Medium Dog Treats with Beef & Poultry,G,false,233,https://ecom-su-static-prod.wtrecom.com/images/products/3/LN_918576_BP_3.jpg,https://www.waitrose.com/ecom/products/pedigree-jumbone-medium-dog-treats-with-beef-poultry/918576-824966-824967,PEDIGREE Jumbone Medium Dog Treats with Beef & Poultry,180g,£1.50,£8.34/kg,,Pet
896451,GOURMET Perle Ocean Collection Wet Cat Food,G,false,234,https://ecom-su-static-prod.wtrecom.com/images/products/3/LN_896451_BP_3.jpg,https://www.waitrose.com/ecom/products/gourmet-perle-ocean-collection-wet-cat-food/896451-721768-721768,GOURMET Perle Ocean Collection Wet Cat Food,40x85g,£17.75,£5.23/kg,,Pet
896211,Lily's Kitchen Organic Suppers Wet Dog Food,G,false,235,https://ecom-su-static-prod.wtrecom.com/images/products/3/LN_896211_BP_3.jpg,https://www.waitrose.com/ecom/products/lilys-kitchen-organic-suppers-wet-dog-food/896211-790843-790843,Lily's Kitchen Organic Suppers Wet Dog Food,10x150g,£16.00,£10.67/kg,,Pet
895982,YuMOVE Joint Care Senior Dog Daily Bites,G,false,236,https://ecom-su-static-prod.wtrecom.com/images/products/3/LN_895982_BP_3.jpg,https://www.waitrose.com/ecom/products/yumove-joint-care-senior-dog-daily-bites/895982-815161-815162,YuMOVE Joint Care Senior Dog Daily Bites,60Each,£18.90,31.5p each,,Pet
883220,Forthglade Natural Dry Cold Pressed Duck,G,false,237,https://ecom-su-static-prod.wtrecom.com/images/products/3/LN_883220_BP_3.jpg,https://www.waitrose.com/ecom/products/forthglade-natural-dry-cold-pressed-duck/883220-784152-784153,Forthglade Natural Dry Cold Pressed Duck,2Kg,£16.00,£8/kg,,Pet
882766,Butcher's Lean & Tasty Low Fat Dog Food Trays,G,false,238,https://ecom-su-static-prod.wtrecom.com/images/products/3/LN_882766_BP_3.jpg,https://www.waitrose.com/ecom/products/butchers-lean-tasty-low-fat-dog-food-trays/882766-751933-751933,Butcher's Lean & Tasty Low Fat Dog Food Trays,12x150g,£7.55,£4.20/kg,,Pet
880465,Scrumbles Salmon Adult & Senior Dry Cat Food 750g,G,true,239,https://ecom-su-static-prod.wtrecom.com/images/products/3/LN_880465_BP_3.jpg,https://www.waitrose.com/ecom/products/scrumbles-salmon-adult-senior-dry-cat-food-750g/880465-790831-790832,Scrumbles Salmon Adult & Senior Dry Cat Food 750g,750g,£6.00,£8/kg,save £2.00. Was £8.00,Pet
878079,Scrumbles Salmon Adult & Senior Dry Dog Food 2kg,G,false,240,https://ecom-su-static-prod.wtrecom.com/images/products/3/LN_878079_BP_3.jpg,https://www.waitrose.com/ecom/products/scrumbles-salmon-adult-senior-dry-dog-food-2kg/878079-790829-790830,Scrumbles Salmon Adult & Senior Dry Dog Food 2kg,2Kg,£13.00,£6.50/kg,,Pet
876483,Good Boy Squeaky Face Ball Dog Toy,G,false,241,https://ecom-su-static-prod.wtrecom.com/images/products/3/LN_876483_BP_3.jpg,https://www.waitrose.com/ecom/products/good-boy-squeaky-face-ball-dog-toy/876483-815458-815459,Good Boy Squeaky Face Ball Dog Toy,1Each,£1.25,£1.25 each,,Pet
875610,Encore Cat Fish Broth Selection Pouches,G,false,242,https://ecom-su-static-prod.wtrecom.com/images/products/3/LN_875610_BP_3.jpg,https://www.waitrose.com/ecom/products/encore-cat-fish-broth-selection-pouches/875610-751841-751841,Encore Cat Fish Broth Selection Pouches,5x50g,£4.95,£19.80/kg,,Pet
873483,Good Boy Pawsley Duck Twists,G,false,243,https://ecom-su-static-prod.wtrecom.com/images/products/3/LN_873483_BP_3.jpg,https://www.waitrose.com/ecom/products/good-boy-pawsley-duck-twists/873483-824948-824949,Good Boy Pawsley Duck Twists,320g,£9.35,£29.22/kg,,Pet
868047,Zoon Ultrabounce Zoon Ball 6cm,G,false,244,https://ecom-su-static-prod.wtrecom.com/images/products/3/LN_868047_BP_3.jpg,https://www.waitrose.com/ecom/products/zoon-ultrabounce-zoon-ball-6cm/868047-794788-794789,Zoon Ultrabounce Zoon Ball 6cm,1s,£3.00,£3 each,,Pet
866067,FELIX Deliciously Sliced Mixed Selection in Jelly Wet Cat Food,G,false,245,https://ecom-su-static-prod.wtrecom.com/images/products/3/LN_866067_BP_3.jpg,https://www.waitrose.com/ecom/products/felix-deliciously-sliced-mixed-selection-in-jelly-wet-cat-food/866067-794787-794787,FELIX Deliciously Sliced Mixed Selection in Jelly Wet Cat Food,12x80g,£6.85,£7.14/kg,,Pet
860356,Bugalugs Baby Fresh Dog Shampoo,G,false,246,https://ecom-su-static-prod.wtrecom.com/images/products/3/LN_860356_BP_3.jpg,https://www.waitrose.com/ecom/products/bugalugs-baby-fresh-dog-shampoo/860356-815444-815445,Bugalugs Baby Fresh Dog Shampoo,500ml,£7.50,£1.50/100ml,,Pet
859309,Lily's Kitchen Grain-Free Recipes Wet Dog Food,G,true,247,https://ecom-su-static-prod.wtrecom.com/images/products/3/LN_859309_BP_3.jpg,https://www.waitrose.com/ecom/products/lilys-kitchen-grain-free-recipes-wet-dog-food/859309-707695-707695,Lily's Kitchen Grain-Free Recipes Wet Dog Food,6x400g,£16.00,£6.67/kg,save £3.00. Was £19.00,Pet
858634,Beco Bamboo Coconut Dog Wipes,G,false,248,https://ecom-su-static-prod.wtrecom.com/images/products/3/LN_858634_BP_3.jpg,https://www.waitrose.com/ecom/products/beco-bamboo-coconut-dog-wipes/858634-815440-815441,Beco Bamboo Coconut Dog Wipes,80Each,£9.00,11.3p each,,Pet
850612,Scrumbles Meaty Niblets Chicken Cat Treats 50g,G,true,249,https://ecom-su-static-prod.wtrecom.com/images/products/3/LN_850612_BP_3.jpg,https://www.waitrose.com/ecom/products/scrumbles-meaty-niblets-chicken-cat-treats-50g/850612-815432-815433,Scrumbles Meaty Niblets Chicken Cat Treats 50g,50g,£1.70,£3.40/100g,save 30p. Was £2.00,Pet
846734,Hollings Sprats,G,false,250,https://ecom-su-static-prod.wtrecom.com/images/products/3/LN_846734_BP_3.jpg,https://www.waitrose.com/ecom/products/hollings-sprats/846734-815424-815425,Hollings Sprats,100g,£4.00,£4/100g,,Pet
846392,Forthglade Joints & Bones Treats,G,true,251,https://ecom-su-static-prod.wtrecom.com/images/products/3/LN_846392_BP_3.jpg,https://www.waitrose.com/ecom/products/forthglade-joints-bones-treats/846392-815422-815423,Forthglade Joints & Bones Treats,90g,£1.85,£2.06/100g,25% Off. Was £2.50,Pet
845681,Scrumbles Gnashers Dog Dental Sticks,G,false,252,https://ecom-su-static-prod.wtrecom.com/images/products/3/LN_845681_BP_3.jpg,https://www.waitrose.com/ecom/products/scrumbles-gnashers-dog-dental-sticks/845681-824932-824933,Scrumbles Gnashers Dog Dental Sticks,7Each,£3.65,52.1p each,,Pet
844334,Meowing Heads Wet Cat Food Mixed Variety Pack,G,false,253,https://ecom-su-static-prod.wtrecom.com/images/products/3/LN_844334_BP_3.jpg,https://www.waitrose.com/ecom/products/meowing-heads-wet-cat-food-mixed-variety-pack/844334-815417-815417,Meowing Heads Wet Cat Food Mixed Variety Pack,10x100g,£13.00,£13/kg,,Pet
840572,Forthglade Chicken & Duck,G,false,254,https://ecom-su-static-prod.wtrecom.com/images/products/3/LN_840572_BP_3.jpg,https://www.waitrose.com/ecom/products/forthglade-chicken-duck/840572-691267-691268,Forthglade Chicken & Duck,395g,£2.65,£6.71/kg,,Pet
833928,YUM by YuMOVE 6-in-1 Adult Dog Multivitamins,G,true,255,https://ecom-su-static-prod.wtrecom.com/images/products/3/LN_833928_BP_3.jpg,https://www.waitrose.com/ecom/products/yum-by-yumove-6-in-1-adult-dog-multivitamins/833928-815157-815158,YUM by YuMOVE 6-in-1 Adult Dog Multivitamins,30Each,£9.20,30.7p each,20% Off. Was £11.50,Pet
829428,GOURMET Nature's Creations Fish Wet Cat Food,G,false,256,https://ecom-su-static-prod.wtrecom.com/images/products/3/LN_829428_BP_3.jpg,https://www.waitrose.com/ecom/products/gourmet-natures-creations-fish-wet-cat-food/829428-815154-815154,GOURMET Nature's Creations Fish Wet Cat Food,8x85g,£6.30,£9.27/kg,,Pet
827584,Scrumbles Chicken Kittens & Queens Dry Cat Food 750g,G,true,257,https://ecom-su-static-prod.wtrecom.com/images/products/3/LN_827584_BP_3.jpg,https://www.waitrose.com/ecom/products/scrumbles-chicken-kittens-queens-dry-cat-food-750g/827584-790790-790791,Scrumbles Chicken Kittens & Queens Dry Cat Food 750g,750g,£6.00,£8/kg,save £2.00. Was £8.00,Pet
826527,Dr. Beckmann Pet Stain & Odour Remover,G,true,258,https://ecom-su-static-prod.wtrecom.com/images/products/3/LN_826527_BP_3.jpg,https://www.waitrose.com/ecom/products/dr-beckmann-pet-stain-odour-remover/826527-753144-753145,Dr. Beckmann Pet Stain & Odour Remover,650ml,£3.45,53.1p/100ml,save 50p. Was £3.95,Pet
822460,IAMS for Vitality with Chicken for Adults,G,false,259,https://ecom-su-static-prod.wtrecom.com/images/products/3/LN_822460_BP_3.jpg,https://www.waitrose.com/ecom/products/iams-for-vitality-with-chicken-for-adults/822460-676095-676096,IAMS for Vitality with Chicken for Adults,800g,£3.75,£4.69/kg,,Pet
821401,Bugalugs Papaya & Coconut Shampoo & Conditioner,G,false,260,https://ecom-su-static-prod.wtrecom.com/images/products/3/LN_821401_BP_3.jpg,https://www.waitrose.com/ecom/products/bugalugs-papaya-coconut-shampoo-conditioner/821401-815397-815398,Bugalugs Papaya & Coconut Shampoo & Conditioner,500ml,£7.50,£1.50/100ml,,Pet
808080,Lily's Kitchen Organic Dinner for Puppies Wet Food,G,false,261,https://ecom-su-static-prod.wtrecom.com/images/products/3/LN_808080_BP_3.jpg,https://www.waitrose.com/ecom/products/lilys-kitchen-organic-dinner-for-puppies-wet-food/808080-216088-216089,Lily's Kitchen Organic Dinner for Puppies Wet Food,150g,£1.80,£12/kg,,Pet
805053,YUM by YuMOVE 8-in-1 Senior Dog Multivitamins,G,true,262,https://ecom-su-static-prod.wtrecom.com/images/products/3/LN_805053_BP_3.jpg,https://www.waitrose.com/ecom/products/yum-by-yumove-8-in-1-senior-dog-multivitamins/805053-815150-815151,YUM by YuMOVE 8-in-1 Senior Dog Multivitamins,30Each,£10.40,34.7p each,20% Off. Was £13.00,Pet
798540,Zoon Yak Popcorn with Turmeric,G,true,263,https://ecom-su-static-prod.wtrecom.com/images/products/3/LN_798540_BP_3.jpg,https://www.waitrose.com/ecom/products/zoon-yak-popcorn-with-turmeric/798540-815379-815380,Zoon Yak Popcorn with Turmeric,70g,£4.50,£64.29/kg,25% Off. Was £6.00,Pet
797757,Good Boy Tough & Tasty Chicken Roll,G,true,264,https://ecom-su-static-prod.wtrecom.com/images/products/3/LN_797757_BP_3.jpg,https://www.waitrose.com/ecom/products/good-boy-tough-tasty-chicken-roll/797757-824890-824891,Good Boy Tough & Tasty Chicken Roll,80g,£3.30,£41.25/kg,Add 3 for £7.50,Pet
793606,Waitrose Chicken Collection in Gravy,G,false,265,https://ecom-su-static-prod.wtrecom.com/images/products/3/LN_793606_BP_3.jpg,https://www.waitrose.com/ecom/products/waitrose-chicken-collection-in-gravy/793606-772487-772487,Waitrose Chicken Collection in Gravy,6x85g,£5.25,£10.30/kg,,Pet
787172,Butcher's Healthy Heart Dog Food Trays,G,false,266,https://ecom-su-static-prod.wtrecom.com/images/products/3/LN_787172_BP_3.jpg,https://www.waitrose.com/ecom/products/butchers-healthy-heart-dog-food-trays/787172-815373-815373,Butcher's Healthy Heart Dog Food Trays,12x150g,£7.55,£4.20/kg,,Pet
786844,Meowing Heads Chicken,G,false,267,https://ecom-su-static-prod.wtrecom.com/images/products/3/LN_786844_BP_3.jpg,https://www.waitrose.com/ecom/products/meowing-heads-chicken/786844-660737-660738,Meowing Heads Chicken,100g,£1.50,£15/kg,,Pet
783486,Lily's Kitchen Cat Fisherman's Feast Adult Dry Food,G,false,268,https://ecom-su-static-prod.wtrecom.com/images/products/3/LN_783486_BP_3.jpg,https://www.waitrose.com/ecom/products/lilys-kitchen-cat-fishermans-feast-adult-dry-food/783486-586838-586839,Lily's Kitchen Cat Fisherman's Feast Adult Dry Food,800g,£12.75,£15.94/kg,,Pet
782801,Forthglade Duck & Venison/ Turkey & Goose,G,false,269,https://ecom-su-static-prod.wtrecom.com/images/products/3/LN_782801_BP_3.jpg,https://www.waitrose.com/ecom/products/forthglade-duck-venison-turkey-goose/782801-691190-691190,Forthglade Duck & Venison/ Turkey & Goose,6x395g,£14.80,£6.25/kg,,Pet
780620,Peckish Extra Goodness Nuggets,G,false,270,https://ecom-su-static-prod.wtrecom.com/images/products/3/LN_780620_BP_3.jpg,https://www.waitrose.com/ecom/products/peckish-extra-goodness-nuggets/780620-802622-802623,Peckish Extra Goodness Nuggets,1Kg,£4.50,£4.50/kg,,Pet
778278,IAMS for Vitality with Chicken Light in Fat,G,true,271,https://ecom-su-static-prod.wtrecom.com/images/products/3/LN_778278_BP_3.jpg,https://www.waitrose.com/ecom/products/iams-for-vitality-with-chicken-light-in-fat/778278-676001-676002,IAMS for Vitality with Chicken Light in Fat,2kg,£7.45,£3.73/kg,Add 2 for £13,Pet
758927,Butcher's Joints & Coat Dog Food Tins,G,false,272,https://ecom-su-static-prod.wtrecom.com/images/products/3/LN_758927_BP_3.jpg,https://www.waitrose.com/ecom/products/butchers-joints-coat-dog-food-tins/758927-824878-824878,Butcher's Joints & Coat Dog Food Tins,6x390g,£6.00,£2.57/kg,,Pet
757975,YuMOVE Joint Care Tablets for Senior Dogs,G,false,273,https://ecom-su-static-prod.wtrecom.com/images/products/3/LN_757975_BP_3.jpg,https://www.waitrose.com/ecom/products/yumove-joint-care-tablets-for-senior-dogs/757975-815144-815145,YuMOVE Joint Care Tablets for Senior Dogs,80Each,£30.00,37.5p each,,Pet
755648,Barking Heads Little Paws Beef Chicken Salmon,G,false,274,https://ecom-su-static-prod.wtrecom.com/images/products/3/LN_755648_BP_3.jpg,https://www.waitrose.com/ecom/products/barking-heads-little-paws-beef-chicken-salmon/755648-750763-750764,Barking Heads Little Paws Beef Chicken Salmon,150g,£1.50,£10/kg,,Pet
745285,Forthglade Complete Grain Free Duck & Turkey Variety Pack,G,false,275,https://ecom-su-static-prod.wtrecom.com/images/products/3/LN_745285_BP_3.jpg,https://www.waitrose.com/ecom/products/forthglade-complete-grain-free-duck-turkey-variety-pack/745285-815348-815348,Forthglade Complete Grain Free Duck & Turkey Variety Pack,6x395g,£10.50,£4.44/kg,,Pet
738941,Marleybones Chic Nosh Chicken Dog Food,G,true,276,https://ecom-su-static-prod.wtrecom.com/images/products/3/LN_738941_BP_3.jpg,https://www.waitrose.com/ecom/products/marleybones-chic-nosh-chicken-dog-food/738941-815142-815143,Marleybones Chic Nosh Chicken Dog Food,390g,£3.50,£8.98/kg,Was £3.80,Pet
736392,FELIX Tasty Shreds Fish Selection in Gravy Wet Cat Food,G,true,277,https://ecom-su-static-prod.wtrecom.com/images/products/3/LN_736392_BP_3.jpg,https://www.waitrose.com/ecom/products/felix-tasty-shreds-fish-selection-in-gravy-wet-cat-food/736392-721459-721459,FELIX Tasty Shreds Fish Selection in Gravy Wet Cat Food,12x80g,£4.50,£4.69/kg,save £2.35. Was £6.85,Pet
723998,"Lily's Kitchen Duck, Salmon & Venison Dry Dog Food",G,true,278,https://ecom-su-static-prod.wtrecom.com/images/products/3/LN_723998_BP_3.jpg,https://www.waitrose.com/ecom/products/lilys-kitchen-duck-salmon-venison-dry-dog-food/723998-815140-815141,"Lily's Kitchen Duck, Salmon & Venison Dry Dog Food",2.5Kg,£16.65,£6.66/kg,save £4.35. Was £21.00,Pet
723234,Scrumbles Chicken Puppy & Toy Dry Dog Food 2kg,G,false,279,https://ecom-su-static-prod.wtrecom.com/images/products/3/LN_723234_BP_3.jpg,https://www.waitrose.com/ecom/products/scrumbles-chicken-puppy-toy-dry-dog-food-2kg/723234-790728-790729,Scrumbles Chicken Puppy & Toy Dry Dog Food 2kg,2kg,£13.00,£6.50/kg,,Pet
720807,Harringtons Adult Complete Chicken Cat,G,false,280,https://ecom-su-static-prod.wtrecom.com/images/products/3/LN_720807_BP_3.jpg,https://www.waitrose.com/ecom/products/harringtons-adult-complete-chicken-cat/720807-731838-731839,Harringtons Adult Complete Chicken Cat,800g,£4.75,£5.94/kg,,Pet
713107,Forthglade Complete Grain Free Chicken Variety Pack,G,false,281,https://ecom-su-static-prod.wtrecom.com/images/products/3/LN_713107_BP_3.jpg,https://www.waitrose.com/ecom/products/forthglade-complete-grain-free-chicken-variety-pack/713107-815137-815137,Forthglade Complete Grain Free Chicken Variety Pack,6x395g,£10.50,£4.44/kg,,Pet
705406,Zoon Yak Chews Medium 2 Pack,G,true,282,https://ecom-su-static-prod.wtrecom.com/images/products/3/LN_705406_BP_3.jpg,https://www.waitrose.com/ecom/products/zoon-yak-chews-medium-2-pack/705406-815330-815331,Zoon Yak Chews Medium 2 Pack,0.14Each,£9.00,£64.29 each,25% Off. Was £12.00,Pet
704444,Lily's Kitchen Cat Chicken Casserole Adult Dry Food,G,false,283,https://ecom-su-static-prod.wtrecom.com/images/products/3/LN_704444_BP_3.jpg,https://www.waitrose.com/ecom/products/lilys-kitchen-cat-chicken-casserole-adult-dry-food/704444-540505-540506,Lily's Kitchen Cat Chicken Casserole Adult Dry Food,800g,£12.75,£15.94/kg,,Pet
702967,Lily's Kitchen Chicken & Salmon Puppy Recipe Grain-Free Dry Dog Food,G,false,284,https://ecom-su-static-prod.wtrecom.com/images/products/3/LN_702967_BP_3.jpg,https://www.waitrose.com/ecom/products/lilys-kitchen-chicken-salmon-puppy-recipe-grain-free-dry-dog-food/702967-268948-268949,Lily's Kitchen Chicken & Salmon Puppy Recipe Grain-Free Dry Dog Food,1kg,£10.00,£10/kg,,Pet
697061,Peckish No Grow,G,false,285,https://ecom-su-static-prod.wtrecom.com/images/products/3/LN_697061_BP_3.jpg,https://www.waitrose.com/ecom/products/peckish-no-grow/697061-802600-802601,Peckish No Grow,1.7Kg,£5.25,£3.09/kg,,Pet
696327,Zoon Nip-it Catnip Teaser Hen,G,false,286,https://ecom-su-static-prod.wtrecom.com/images/products/3/LN_696327_BP_3.jpg,https://www.waitrose.com/ecom/products/zoon-nip-it-catnip-teaser-hen/696327-815324-815325,Zoon Nip-it Catnip Teaser Hen,each,£4.00,,,Pet
694993,Forthglade Duck & Venison,G,false,287,https://ecom-su-static-prod.wtrecom.com/images/products/3/LN_694993_BP_3.jpg,https://www.waitrose.com/ecom/products/forthglade-duck-venison/694993-586725-586726,Forthglade Duck & Venison,395g,£2.65,£6.71/kg,,Pet
693015,PEDIGREE Adult Dog Pouches Mixed Selection in Jelly,G,false,288,https://ecom-su-static-prod.wtrecom.com/images/products/3/LN_693015_BP_3.jpg,https://www.waitrose.com/ecom/products/pedigree-adult-dog-pouches-mixed-selection-in-jelly/693015-820106-820106,PEDIGREE Adult Dog Pouches Mixed Selection in Jelly,12x100g,£4.75,£3.96/kg,,Pet
688681,Scrumbles Chicken Adult & Senior Dry Cat Food 750g,G,true,289,https://ecom-su-static-prod.wtrecom.com/images/products/3/LN_688681_BP_3.jpg,https://www.waitrose.com/ecom/products/scrumbles-chicken-adult-senior-dry-cat-food-750g/688681-790706-790707,Scrumbles Chicken Adult & Senior Dry Cat Food 750g,750g,£6.00,£8/kg,save £2.00. Was £8.00,Pet
659250,Beco Poop Bags Unscented,G,false,290,https://ecom-su-static-prod.wtrecom.com/images/products/3/LN_659250_BP_3.jpg,https://www.waitrose.com/ecom/products/beco-poop-bags-unscented/659250-707525-707526,Beco Poop Bags Unscented,270s,£12.00,4.4p each,,Pet
649092,Good Boy Busy Bar Chicken Small,G,false,291,https://ecom-su-static-prod.wtrecom.com/images/products/3/LN_649092_BP_3.jpg,https://www.waitrose.com/ecom/products/good-boy-busy-bar-chicken-small/649092-824833-824834,Good Boy Busy Bar Chicken Small,108g,£2.00,£18.52/kg,,Pet
646948,Zoon Double Sided Pet Brush,G,false,292,https://ecom-su-static-prod.wtrecom.com/images/products/3/LN_646948_BP_3.jpg,https://www.waitrose.com/ecom/products/zoon-double-sided-pet-brush/646948-815302-815303,Zoon Double Sided Pet Brush,1Each,£8.00,£8 each,,Pet
646337,Lily's Kitchen Duck Mini Jerky,G,true,293,https://ecom-su-static-prod.wtrecom.com/images/products/3/LN_646337_BP_3.jpg,https://www.waitrose.com/ecom/products/lilys-kitchen-duck-mini-jerky/646337-820090-820091,Lily's Kitchen Duck Mini Jerky,70g,£2.75,£39.29/kg,25% Off. Was £3.70,Pet
638574,Zoon Laser Chaser Pet Toy,G,false,294,https://ecom-su-static-prod.wtrecom.com/images/products/3/LN_638574_BP_3.jpg,https://www.waitrose.com/ecom/products/zoon-laser-chaser-pet-toy/638574-794718-794719,Zoon Laser Chaser Pet Toy,1Each,£3.00,£3 each,,Pet
638326,Beco Recycled Poop Bag Dispenser,G,false,295,https://ecom-su-static-prod.wtrecom.com/images/products/3/LN_638326_BP_3.jpg,https://www.waitrose.com/ecom/products/beco-recycled-poop-bag-dispenser/638326-815298-815299,Beco Recycled Poop Bag Dispenser,1Each,£3.00,£3 each,,Pet
634272,James & Ella Kibble + Freeze Dried Chicken Raw Dog Food,G,false,296,https://ecom-su-static-prod.wtrecom.com/images/products/3/LN_634272_BP_3.jpg,https://www.waitrose.com/ecom/products/james-ella-kibble-freeze-dried-chicken-raw-dog-food/634272-815135-815136,James & Ella Kibble + Freeze Dried Chicken Raw Dog Food,1.5Kg,£20.00,£13.34/kg,,Pet
633092,Encore Kitten Pouch Multipack Finest Selection in Jelly,G,false,297,https://ecom-su-static-prod.wtrecom.com/images/products/3/LN_633092_BP_3.jpg,https://www.waitrose.com/ecom/products/encore-kitten-pouch-multipack-finest-selection-in-jelly/633092-815287-815287,Encore Kitten Pouch Multipack Finest Selection in Jelly,5x50g,£4.60,£1.84/100g,,Pet
630674,IAMS for Vitality with Chicken for Senior 8+,G,true,298,https://ecom-su-static-prod.wtrecom.com/images/products/3/LN_630674_BP_3.jpg,https://www.waitrose.com/ecom/products/iams-for-vitality-with-chicken-for-senior-8/630674-675825-675826,IAMS for Vitality with Chicken for Senior 8+,2kg,£7.50,£3.75/kg,Add 2 for £13,Pet
628406,Waitrose Puppy Grain Free Chicken & Sweet Potato,G,false,299,https://ecom-su-static-prod.wtrecom.com/images/products/3/LN_628406_BP_3.jpg,https://www.waitrose.com/ecom/products/waitrose-puppy-grain-free-chicken-sweet-potato/628406-767615-767616,Waitrose Puppy Grain Free Chicken & Sweet Potato,2KG,£7.10,£3.55/kg,,Pet
625873,Purina One Sensitive Rich In Turkey,G,true,300,https://ecom-su-static-prod.wtrecom.com/images/products/3/LN_625873_BP_3.jpg,https://www.waitrose.com/ecom/products/purina-one-sensitive-rich-in-turkey/625873-586620-586621,Purina One Sensitive Rich In Turkey,2.8Kg,£15.00,£5.36/kg,save £3.50. Was £18.50,Pet
624108,Scrumbles Krunchies Chicken Natural Cat Treats 60g,G,false,301,https://ecom-su-static-prod.wtrecom.com/images/products/3/LN_624108_BP_3.jpg,https://www.waitrose.com/ecom/products/scrumbles-krunchies-chicken-natural-cat-treats-60g/624108-815281-815282,Scrumbles Krunchies Chicken Natural Cat Treats 60g,60g,£2.00,£3.34/100g,,Pet
622971,Forthglade Natural Dry Cold Pressed Chicken,G,false,302,https://ecom-su-static-prod.wtrecom.com/images/products/3/LN_622971_BP_3.jpg,https://www.waitrose.com/ecom/products/forthglade-natural-dry-cold-pressed-chicken/622971-783948-783949,Forthglade Natural Dry Cold Pressed Chicken,2Kg,£16.00,£8/kg,,Pet
620379,Blink Kitten Chicken & Fish Pouch Selection …in Jelly,G,false,303,https://ecom-su-static-prod.wtrecom.com/images/products/3/LN_620379_BP_3.jpg,https://www.waitrose.com/ecom/products/blink-kitten-chicken-fish-pouch-selection-in-jelly/620379-824822-824822,Blink Kitten Chicken & Fish Pouch Selection …in Jelly,8x85g,£9.15,£13.46/kg,,Pet
619578,BAKERS Meaty Meals Beef Dry Dog Food,G,true,304,https://ecom-su-static-prod.wtrecom.com/images/products/3/LN_619578_BP_3.jpg,https://www.waitrose.com/ecom/products/bakers-meaty-meals-beef-dry-dog-food/619578-87924-87925,BAKERS Meaty Meals Beef Dry Dog Food,2.7kg,£7.80,£2.89/kg,save £2.50. Was £10.30,Pet
616437,Lily's Kitchen Shredded Fillets Mixed Multipack Wet Food for Cats,G,false,305,https://ecom-su-static-prod.wtrecom.com/images/products/3/LN_616437_BP_3.jpg,https://www.waitrose.com/ecom/products/lilys-kitchen-shredded-fillets-mixed-multipack-wet-food-for-cats/616437-749877-749877,Lily's Kitchen Shredded Fillets Mixed Multipack Wet Food for Cats,8x70g,£11.00,£19.65/kg,,Pet
611336,PURINA ONE Sensitive Turkey Dry Cat Food,G,false,306,https://ecom-su-static-prod.wtrecom.com/images/products/3/LN_611336_BP_3.jpg,https://www.waitrose.com/ecom/products/purina-one-sensitive-turkey-dry-cat-food/611336-727336-727337,PURINA ONE Sensitive Turkey Dry Cat Food,750g,£7.65,£10.20/kg,,Pet
610836,Bakers Senior Dry Food Chicken & Vegetables,G,false,307,https://ecom-su-static-prod.wtrecom.com/images/products/3/LN_610836_BP_3.jpg,https://www.waitrose.com/ecom/products/bakers-senior-dry-food-chicken-vegetables/610836-667056-667057,Bakers Senior Dry Food Chicken & Vegetables,2.85kg,£9.80,£3.44/kg,,Pet
601254,AATU for Dogs Chicken,G,false,308,https://ecom-su-static-prod.wtrecom.com/images/products/3/LN_601254_BP_3.jpg,https://www.waitrose.com/ecom/products/aatu-for-dogs-chicken/601254-667034-667035,AATU for Dogs Chicken,400g,£3.25,£8.13/kg,,Pet
600806,Zoon Tugga Carrots Dog Toy,G,false,309,https://ecom-su-static-prod.wtrecom.com/images/products/3/LN_600806_BP_3.jpg,https://www.waitrose.com/ecom/products/zoon-tugga-carrots-dog-toy/600806-815275-815276,Zoon Tugga Carrots Dog Toy,1Each,£12.00,£12 each,,Pet
599790,Beco Recycled Dog Toy Orangutan,G,false,310,https://ecom-su-static-prod.wtrecom.com/images/products/3/LN_599790_BP_3.jpg,https://www.waitrose.com/ecom/products/beco-recycled-dog-toy-orangutan/599790-815273-815274,Beco Recycled Dog Toy Orangutan,1Each,£13.00,£13 each,,Pet
599707,Lily's Kitchen Chicken Jerky,G,true,311,https://ecom-su-static-prod.wtrecom.com/images/products/3/LN_599707_BP_3.jpg,https://www.waitrose.com/ecom/products/lilys-kitchen-chicken-jerky/599707-820086-820087,Lily's Kitchen Chicken Jerky,70g,£2.75,£39.29/kg,25% Off. Was £3.70,Pet
598430,James & Ella Freeze Dried Game Dog Treats,G,true,312,https://ecom-su-static-prod.wtrecom.com/images/products/3/LN_598430_BP_3.jpg,https://www.waitrose.com/ecom/products/james-ella-freeze-dried-game-dog-treats/598430-815133-815134,James & Ella Freeze Dried Game Dog Treats,40g,£2.40,£6/100g,20% Off. Was £3.00,Pet
596124,Lily's Kitchen Chicken & Salmon Nibbles Puppy Treats,G,true,313,https://ecom-su-static-prod.wtrecom.com/images/products/3/LN_596124_BP_3.jpg,https://www.waitrose.com/ecom/products/lilys-kitchen-chicken-salmon-nibbles-puppy-treats/596124-807002-807003,Lily's Kitchen Chicken & Salmon Nibbles Puppy Treats,70g,£2.75,£39.29/kg,25% Off. Was £3.70,Pet
589413,FELIX Deliciously Sliced Fish Selection in Jelly Wet Cat Food,G,false,314,https://ecom-su-static-prod.wtrecom.com/images/products/3/LN_589413_BP_3.jpg,https://www.waitrose.com/ecom/products/felix-deliciously-sliced-fish-selection-in-jelly-wet-cat-food/589413-794709-794709,FELIX Deliciously Sliced Fish Selection in Jelly Wet Cat Food,12x80g,£6.85,£7.14/kg,,Pet
584867,Forthglade Turkey & Goose,G,false,315,https://ecom-su-static-prod.wtrecom.com/images/products/3/LN_584867_BP_3.jpg,https://www.waitrose.com/ecom/products/forthglade-turkey-goose/584867-586574-586575,Forthglade Turkey & Goose,395g,£2.65,£6.71/kg,,Pet
583699,IAMS for Vitality with Chicken for Puppies,G,false,316,https://ecom-su-static-prod.wtrecom.com/images/products/3/LN_583699_BP_3.jpg,https://www.waitrose.com/ecom/products/iams-for-vitality-with-chicken-for-puppies/583699-675755-675756,IAMS for Vitality with Chicken for Puppies,800g,£3.75,£4.69/kg,,Pet
579727,Marleybones Boss Nosh Beef Dog Food,G,true,317,https://ecom-su-static-prod.wtrecom.com/images/products/3/LN_579727_BP_3.jpg,https://www.waitrose.com/ecom/products/marleybones-boss-nosh-beef-dog-food/579727-815131-815132,Marleybones Boss Nosh Beef Dog Food,390g,£3.50,£8.98/kg,Was £3.80,Pet
576044,Zoon Cat Litter Tray Liners,G,false,318,https://ecom-su-static-prod.wtrecom.com/images/products/3/LN_576044_BP_3.jpg,https://www.waitrose.com/ecom/products/zoon-cat-litter-tray-liners/576044-794702-794703,Zoon Cat Litter Tray Liners,Each,£1.30,£1.30 each,,Pet
576004,Blink! Chicken Selection in Gravy,G,false,319,https://ecom-su-static-prod.wtrecom.com/images/products/3/LN_576004_BP_3.jpg,https://www.waitrose.com/ecom/products/blink-chicken-selection-in-gravy/576004-790666-790666,Blink! Chicken Selection in Gravy,8x85g,£9.15,£13.46/kg,,Pet
572208,Scrumbles Meaty Chicken Chonks Dog,G,true,320,https://ecom-su-static-prod.wtrecom.com/images/products/3/LN_572208_BP_3.jpg,https://www.waitrose.com/ecom/products/scrumbles-meaty-chicken-chonks-dog/572208-820072-820073,Scrumbles Meaty Chicken Chonks Dog,60g,£3.00,£50/kg,save 50p. Was £3.50,Pet
571192,Butcher's Simply Gentle Dog Food Tins,G,false,321,https://ecom-su-static-prod.wtrecom.com/images/products/3/LN_571192_BP_3.jpg,https://www.waitrose.com/ecom/products/butchers-simply-gentle-dog-food-tins/571192-824798-824798,Butcher's Simply Gentle Dog Food Tins,6x390g,£6.00,£2.57/kg,,Pet
570496,Forthglade Reward Treats Honey & Banana,G,true,322,https://ecom-su-static-prod.wtrecom.com/images/products/3/LN_570496_BP_3.jpg,https://www.waitrose.com/ecom/products/forthglade-reward-treats-honey-banana/570496-815258-815259,Forthglade Reward Treats Honey & Banana,90g,£1.85,£2.06/100g,25% Off. Was £2.50,Pet
565448,Meowing Heads Turkey,G,false,323,https://ecom-su-static-prod.wtrecom.com/images/products/3/LN_565448_BP_3.jpg,https://www.waitrose.com/ecom/products/meowing-heads-turkey/565448-660419-660420,Meowing Heads Turkey,100g,£1.50,£15/kg,,Pet
558850,Good Boy Pigs In Blankets,G,false,324,https://ecom-su-static-prod.wtrecom.com/images/products/3/LN_558850_BP_3.jpg,https://www.waitrose.com/ecom/products/good-boy-pigs-in-blankets/558850-790654-790655,Good Boy Pigs In Blankets,320g,£8.95,£27.97/kg,,Pet
558135,Good Boy Monster Flyer Dog Toy,G,false,325,https://ecom-su-static-prod.wtrecom.com/images/products/3/LN_558135_BP_3.jpg,https://www.waitrose.com/ecom/products/good-boy-monster-flyer-dog-toy/558135-815238-815239,Good Boy Monster Flyer Dog Toy,1Each,£5.45,£5.45 each,,Pet
556507,Lily's Kitchen Lamb Grain-Free Dry Dog Food,G,false,326,https://ecom-su-static-prod.wtrecom.com/images/products/3/LN_556507_BP_3.jpg,https://www.waitrose.com/ecom/products/lilys-kitchen-lamb-grain-free-dry-dog-food/556507-312303-312304,Lily's Kitchen Lamb Grain-Free Dry Dog Food,1kg,£10.00,£10/kg,,Pet
555845,Marleybones Lush Nosh Lamb Dog Food,G,true,327,https://ecom-su-static-prod.wtrecom.com/images/products/3/LN_555845_BP_3.jpg,https://www.waitrose.com/ecom/products/marleybones-lush-nosh-lamb-dog-food/555845-815127-815128,Marleybones Lush Nosh Lamb Dog Food,390g,£3.50,£8.98/kg,Was £3.80,Pet
550944,Forthglade Complete Grain Free Lamb & Chicken Variety Pack,G,false,328,https://ecom-su-static-prod.wtrecom.com/images/products/3/LN_550944_BP_3.jpg,https://www.waitrose.com/ecom/products/forthglade-complete-grain-free-lamb-chicken-variety-pack/550944-815229-815229,Forthglade Complete Grain Free Lamb & Chicken Variety Pack,6x395g,£10.50,£4.44/kg,,Pet
548101,Waitrose Senior Grain Free Chicken & Potato,G,false,329,https://ecom-su-static-prod.wtrecom.com/images/products/3/LN_548101_BP_3.jpg,https://www.waitrose.com/ecom/products/waitrose-senior-grain-free-chicken-potato/548101-767560-767561,Waitrose Senior Grain Free Chicken & Potato,2KG,£7.10,£3.55/kg,,Pet
546679,PURINA ONE Senior 7+ Chicken Dry Cat Food,G,true,330,https://ecom-su-static-prod.wtrecom.com/images/products/3/LN_546679_BP_3.jpg,https://www.waitrose.com/ecom/products/purina-one-senior-7-chicken-dry-cat-food/546679-327480-327481,PURINA ONE Senior 7+ Chicken Dry Cat Food,2.8Kg,£15.00,£5.36/kg,save £3.50. Was £18.50,Pet
542295,IAMS Senior Cat Ocean Fish,G,true,331,https://ecom-su-static-prod.wtrecom.com/images/products/3/LN_542295_BP_3.jpg,https://www.waitrose.com/ecom/products/iams-senior-cat-ocean-fish/542295-815223-815224,IAMS Senior Cat Ocean Fish,800Each,£5.40,,Add 2 for £9,Pet
537834,Hollings Whitefish Bites,G,false,332,https://ecom-su-static-prod.wtrecom.com/images/products/3/LN_537834_BP_3.jpg,https://www.waitrose.com/ecom/products/hollings-whitefish-bites/537834-815219-815220,Hollings Whitefish Bites,75g,£3.00,£4/100g,,Pet
537500,Lily's Kitchen Turkey & Trout Senior Recipe Grain-Free Dry Dog Food,G,false,333,https://ecom-su-static-prod.wtrecom.com/images/products/3/LN_537500_BP_3.jpg,https://www.waitrose.com/ecom/products/lilys-kitchen-turkey-trout-senior-recipe-grain-free-dry-dog-food/537500-411023-411024,Lily's Kitchen Turkey & Trout Senior Recipe Grain-Free Dry Dog Food,1kg,£10.00,£10/kg,,Pet
529158,Scrumbles Chicken Adult & Senior Dry Dog Food 2kg,G,false,334,https://ecom-su-static-prod.wtrecom.com/images/products/3/LN_529158_BP_3.jpg,https://www.waitrose.com/ecom/products/scrumbles-chicken-adult-senior-dry-dog-food-2kg/529158-790632-790633,Scrumbles Chicken Adult & Senior Dry Dog Food 2kg,2Kg,£13.00,£6.50/kg,,Pet
525634,Waitrose Cat Complete Balanced Sal and Veg,G,false,335,https://ecom-su-static-prod.wtrecom.com/images/products/3/LN_525634_BP_3.jpg,https://www.waitrose.com/ecom/products/waitrose-cat-complete-balanced-sal-and-veg/525634-767554-767555,Waitrose Cat Complete Balanced Sal and Veg,950g,£2.20,£2.32/kg,,Pet
518216,Good Boy Mega Chewy Twist With Duck,G,true,336,https://ecom-su-static-prod.wtrecom.com/images/products/3/LN_518216_BP_3.jpg,https://www.waitrose.com/ecom/products/good-boy-mega-chewy-twist-with-duck/518216-731787-731788,Good Boy Mega Chewy Twist With Duck,70g,£3.00,£42.86/kg,Add 3 for £7.50,Pet
511097,James & Ella Kibble + Freeze Dried Beef Adult Raw Dog Food,G,false,337,https://ecom-su-static-prod.wtrecom.com/images/products/3/LN_511097_BP_3.jpg,https://www.waitrose.com/ecom/products/james-ella-kibble-freeze-dried-beef-adult-raw-dog-food/511097-815123-815124,James & Ella Kibble + Freeze Dried Beef Adult Raw Dog Food,1.5Kg,£20.00,£13.34/kg,,Pet
508683,PURINA ONE Kitten Chicken Dry Cat Food,G,false,338,https://ecom-su-static-prod.wtrecom.com/images/products/3/LN_508683_BP_3.jpg,https://www.waitrose.com/ecom/products/purina-one-kitten-chicken-dry-cat-food/508683-71885-71886,PURINA ONE Kitten Chicken Dry Cat Food,750g,£7.65,£10.20/kg,,Pet
507241,Blink! Fish Selection in Jelly,G,false,339,https://ecom-su-static-prod.wtrecom.com/images/products/3/LN_507241_BP_3.jpg,https://www.waitrose.com/ecom/products/blink-fish-selection-in-jelly/507241-749188-749188,Blink! Fish Selection in Jelly,8x85g,£9.15,£13.46/kg,,Pet
506951,Harringtons Adult Dog Food Superfoods Salmon,G,false,340,https://ecom-su-static-prod.wtrecom.com/images/products/3/LN_506951_BP_3.jpg,https://www.waitrose.com/ecom/products/harringtons-adult-dog-food-superfoods-salmon/506951-824772-824773,Harringtons Adult Dog Food Superfoods Salmon,1.7Kg,£6.80,£4/kg,,Pet
506009,Harringtons Adult Dog Food Salmon,G,true,341,https://ecom-su-static-prod.wtrecom.com/images/products/3/LN_506009_BP_3.jpg,https://www.waitrose.com/ecom/products/harringtons-adult-dog-food-salmon/506009-824770-824771,Harringtons Adult Dog Food Salmon,1.7Kg,£4.50,£2.65/kg,save 95p. Was £5.45,Pet
490032,James & Ella Kibble + Freeze Dried Turkey Raw Puppy Food,G,false,342,https://ecom-su-static-prod.wtrecom.com/images/products/3/LN_490032_BP_3.jpg,https://www.waitrose.com/ecom/products/james-ella-kibble-freeze-dried-turkey-raw-puppy-food/490032-815117-815118,James & Ella Kibble + Freeze Dried Turkey Raw Puppy Food,1.5Kg,£20.00,£13.34/kg,,Pet
485791,Lily's Kitchen Organic Paté Mixed Multipack Wet Food for Cats,G,false,343,https://ecom-su-static-prod.wtrecom.com/images/products/3/LN_485791_BP_3.jpg,https://www.waitrose.com/ecom/products/lilys-kitchen-organic-pate-mixed-multipack-wet-food-for-cats/485791-790613-790613,Lily's Kitchen Organic Paté Mixed Multipack Wet Food for Cats,8x85g,£10.80,£15.89/kg,,Pet
483565,Zoon Noodly Partridge Dog Toy,G,false,344,https://ecom-su-static-prod.wtrecom.com/images/products/3/LN_483565_BP_3.jpg,https://www.waitrose.com/ecom/products/zoon-noodly-partridge-dog-toy/483565-815203-815204,Zoon Noodly Partridge Dog Toy,1Each,£8.00,£8 each,,Pet
483507,Hollings Pig Ears,G,false,345,https://ecom-su-static-prod.wtrecom.com/images/products/3/LN_483507_BP_3.jpg,https://www.waitrose.com/ecom/products/hollings-pig-ears/483507-783862-783863,Hollings Pig Ears,2s,£4.00,£2 each,,Pet
478603,James & Ella Freeze Dried Chicken Dog Treats,G,true,346,https://ecom-su-static-prod.wtrecom.com/images/products/3/LN_478603_BP_3.jpg,https://www.waitrose.com/ecom/products/james-ella-freeze-dried-chicken-dog-treats/478603-815115-815116,James & Ella Freeze Dried Chicken Dog Treats,40g,£2.40,£6/100g,20% Off. Was £3.00,Pet
478473,Encore in Jelly Chicken Selection,G,false,347,https://ecom-su-static-prod.wtrecom.com/images/products/3/LN_478473_BP_3.jpg,https://www.waitrose.com/ecom/products/encore-in-jelly-chicken-selection/478473-586454-586454,Encore in Jelly Chicken Selection,5x50g,£4.95,£19.80/kg,,Pet
467967,Scrumbles Chillz Calming Cat Treats 60g,G,false,348,https://ecom-su-static-prod.wtrecom.com/images/products/3/LN_467967_BP_3.jpg,https://www.waitrose.com/ecom/products/scrumbles-chillz-calming-cat-treats-60g/467967-815199-815200,Scrumbles Chillz Calming Cat Treats 60g,60g,£2.00,£3.34/100g,,Pet
458364,Lily's Kitchen Chicken & Cod Paté for Kittens,G,false,349,https://ecom-su-static-prod.wtrecom.com/images/products/3/LN_458364_BP_3.jpg,https://www.waitrose.com/ecom/products/lilys-kitchen-chicken-cod-pate-for-kittens/458364-815113-815114,Lily's Kitchen Chicken & Cod Paté for Kittens,85g,£1.25,£14.71/kg,,Pet
454378,YuMOVE Joint Care Tablets for Adult Dogs,G,false,350,https://ecom-su-static-prod.wtrecom.com/images/products/3/LN_454378_BP_3.jpg,https://www.waitrose.com/ecom/products/yumove-joint-care-tablets-for-adult-dogs/454378-815111-815112,YuMOVE Joint Care Tablets for Adult Dogs,80Each,£20.00,25p each,,Pet
454323,Go-Cat Duck & Chicken Mix Adult Dry Cat Food,G,false,351,https://ecom-su-static-prod.wtrecom.com/images/products/3/LN_454323_BP_3.jpg,https://www.waitrose.com/ecom/products/go-cat-duck-chicken-mix-adult-dry-cat-food/454323-758882-758883,Go-Cat Duck & Chicken Mix Adult Dry Cat Food,750g,£3.30,£4.40/kg,,Pet
452057,Zoon Frankie Sausage PlayPal,G,false,352,https://ecom-su-static-prod.wtrecom.com/images/products/3/LN_452057_BP_3.jpg,https://www.waitrose.com/ecom/products/zoon-frankie-sausage-playpal/452057-806990-806991,Zoon Frankie Sausage PlayPal,each,£6.00,,,Pet
446522,IAMS Delights 1+ Cat Land & Sea Collection 8s,G,false,353,https://ecom-su-static-prod.wtrecom.com/images/products/3/LN_446522_BP_3.jpg,https://www.waitrose.com/ecom/products/iams-delights-1-cat-land-sea-collection-8s/446522-806985-806985,IAMS Delights 1+ Cat Land & Sea Collection 8s,8x85g,£4.00,£5.89/kg,,Pet
444892,Lily's Kitchen Tasty Cuts in Gravy Mixed Multipack Wet Food for Cats,G,false,354,https://ecom-su-static-prod.wtrecom.com/images/products/3/LN_444892_BP_3.jpg,https://www.waitrose.com/ecom/products/lilys-kitchen-tasty-cuts-in-gravy-mixed-multipack-wet-food-for-cats/444892-748766-748766,Lily's Kitchen Tasty Cuts in Gravy Mixed Multipack Wet Food for Cats,8x85g,£9.25,£13.61/kg,,Pet
444064,Blink! Chicken Selection in Jelly,G,false,355,https://ecom-su-static-prod.wtrecom.com/images/products/3/LN_444064_BP_3.jpg,https://www.waitrose.com/ecom/products/blink-chicken-selection-in-jelly/444064-727001-727001,Blink! Chicken Selection in Jelly,8x85g,£9.15,£13.46/kg,,Pet
439371,IAMS Delights 7+ Cat Land & Sea Collection 8s,G,false,356,https://ecom-su-static-prod.wtrecom.com/images/products/3/LN_439371_BP_3.jpg,https://www.waitrose.com/ecom/products/iams-delights-7-cat-land-sea-collection-8s/439371-806980-806980,IAMS Delights 7+ Cat Land & Sea Collection 8s,8x85g,£4.00,£5.89/kg,,Pet
434230,AATU for Dogs Chicken,G,false,357,https://ecom-su-static-prod.wtrecom.com/images/products/3/LN_434230_BP_3.jpg,https://www.waitrose.com/ecom/products/aatu-for-dogs-chicken/434230-666912-666913,AATU for Dogs Chicken,1kg,£11.00,£11/kg,,Pet
429886,WHISKAS 2-12 Months Cat Pouches Poultry Feasts in Jelly,G,false,358,https://ecom-su-static-prod.wtrecom.com/images/products/3/LN_429886_BP_3.jpg,https://www.waitrose.com/ecom/products/whiskas-2-12-months-cat-pouches-poultry-feasts-in-jelly/429886-824741-824741,WHISKAS 2-12 Months Cat Pouches Poultry Feasts in Jelly,12x85g,£4.75,£4.66/kg,,Pet
429619,Meowing Heads Salmon,G,false,359,https://ecom-su-static-prod.wtrecom.com/images/products/3/LN_429619_BP_3.jpg,https://www.waitrose.com/ecom/products/meowing-heads-salmon/429619-660221-660222,Meowing Heads Salmon,100g,£1.50,£15/kg,,Pet
428191,IAMS for Vitality with Chicken for Adults,G,true,360,https://ecom-su-static-prod.wtrecom.com/images/products/3/LN_428191_BP_3.jpg,https://www.waitrose.com/ecom/products/iams-for-vitality-with-chicken-for-adults/428191-675578-675579,IAMS for Vitality with Chicken for Adults,2kg,£7.50,£3.75/kg,Add 2 for £13,Pet
427413,Scrumbles Meaty Salmon Chonks Dog,G,true,361,https://ecom-su-static-prod.wtrecom.com/images/products/3/LN_427413_BP_3.jpg,https://www.waitrose.com/ecom/products/scrumbles-meaty-salmon-chonks-dog/427413-820050-820051,Scrumbles Meaty Salmon Chonks Dog,60g,£3.00,£50/kg,save 50p. Was £3.50,Pet
427084,Beco Natural Rubber Bone,G,false,362,https://ecom-su-static-prod.wtrecom.com/images/products/3/LN_427084_BP_3.jpg,https://www.waitrose.com/ecom/products/beco-natural-rubber-bone/427084-794664-794665,Beco Natural Rubber Bone,1Each,£10.50,£10.50 each,,Pet
423096,Pedigree Dentastix 35 Sticks Small 5-10kg Dog,G,false,363,https://ecom-su-static-prod.wtrecom.com/images/products/3/LN_423096_BP_3.jpg,https://www.waitrose.com/ecom/products/pedigree-dentastix-35-sticks-small-5-10kg-dog/423096-758874-758875,Pedigree Dentastix 35 Sticks Small 5-10kg Dog,5x110g,£8.20,£14.91/kg,,Pet
419984,PURINA ONE Light Chicken Dry Cat Food,G,false,364,https://ecom-su-static-prod.wtrecom.com/images/products/3/LN_419984_BP_3.jpg,https://www.waitrose.com/ecom/products/purina-one-light-chicken-dry-cat-food/419984-586392-586393,PURINA ONE Light Chicken Dry Cat Food,750g,£7.65,£10.20/kg,,Pet
416567,Butcher's Tripe Dog Food Tin,G,false,365,https://ecom-su-static-prod.wtrecom.com/images/products/3/LN_416567_BP_3.jpg,https://www.waitrose.com/ecom/products/butchers-tripe-dog-food-tin/416567-824737-824738,Butcher's Tripe Dog Food Tin,400g,£1.15,£2.88/kg,,Pet
412628,IAMS for Vitality with Chicken for Kittens,G,true,366,https://ecom-su-static-prod.wtrecom.com/images/products/3/LN_412628_BP_3.jpg,https://www.waitrose.com/ecom/products/iams-for-vitality-with-chicken-for-kittens/412628-675568-675569,IAMS for Vitality with Chicken for Kittens,800g,£5.40,£6.75/kg,Add 2 for £9,Pet
408349,Forthglade Beef & Wild Boar,G,false,367,https://ecom-su-static-prod.wtrecom.com/images/products/3/LN_408349_BP_3.jpg,https://www.waitrose.com/ecom/products/forthglade-beef-wild-boar/408349-586370-586371,Forthglade Beef & Wild Boar,395g,£2.65,£6.71/kg,,Pet
407600,HiLife Chicken Breast Treats Cat,G,false,368,https://ecom-su-static-prod.wtrecom.com/images/products/3/LN_407600_BP_3.jpg,https://www.waitrose.com/ecom/products/hilife-chicken-breast-treats-cat/407600-748546-748547,HiLife Chicken Breast Treats Cat,30g,£4.85,£161.67/kg,,Pet
405324,Waitrose P&L Tuna & Chicken Collection,G,false,369,https://ecom-su-static-prod.wtrecom.com/images/products/3/LN_405324_BP_3.jpg,https://www.waitrose.com/ecom/products/waitrose-pl-tuna-chicken-collection/405324-772450-772450,Waitrose P&L Tuna & Chicken Collection,6x80g,£5.80,£12.09/kg,,Pet
402211,IAMS for Vitality Adult with Chicken,G,true,370,https://ecom-su-static-prod.wtrecom.com/images/products/3/LN_402211_BP_3.jpg,https://www.waitrose.com/ecom/products/iams-for-vitality-adult-with-chicken/402211-675556-675557,IAMS for Vitality Adult with Chicken,2kg,£7.50,£3.75/kg,Add 2 for £13,Pet
078652,FELIX Original Fish Selection in Jelly Wet Cat Food,G,false,371,https://ecom-su-static-prod.wtrecom.com/images/products/3/LN_078652_BP_3.jpg,https://www.waitrose.com/ecom/products/felix-original-fish-selection-in-jelly-wet-cat-food/078652-40054-40054,FELIX Original Fish Selection in Jelly Wet Cat Food,12x85g,£3.90,0.4p/kg,,Pet
066541,Pedigree In Jelly Selection,G,false,372,https://ecom-su-static-prod.wtrecom.com/images/products/3/LN_066541_BP_3.jpg,https://www.waitrose.com/ecom/products/pedigree-in-jelly-selection/066541-33696-33696,Pedigree In Jelly Selection,12x385g,£14.25,£3.09/kg,,Pet
066307,FELIX Original Senior 7+ Variety Selection in Jelly Wet Cat Food,G,false,373,https://ecom-su-static-prod.wtrecom.com/images/products/3/LN_066307_BP_3.jpg,https://www.waitrose.com/ecom/products/felix-original-senior-7-variety-selection-in-jelly-wet-cat-food/066307-33577-33577,FELIX Original Senior 7+ Variety Selection in Jelly Wet Cat Food,12x85g,£3.90,£3.83/kg,,Pet
054865,PURINA ONE Salmon Dry Cat Food,G,true,374,https://ecom-su-static-prod.wtrecom.com/images/products/3/LN_054865_BP_3.jpg,https://www.waitrose.com/ecom/products/purina-one-salmon-dry-cat-food/054865-27561-27562,PURINA ONE Salmon Dry Cat Food,3kg,£15.00,£5/kg,save £3.50. Was £18.50,Pet
012144,Waitrose Wood Pellet Cat Litter,G,false,375,https://ecom-su-static-prod.wtrecom.com/images/products/3/LN_012144_BP_3.jpg,https://www.waitrose.com/ecom/products/waitrose-wood-pellet-cat-litter/012144-5990-5991,Waitrose Wood Pellet Cat Litter,10litre,£5.75,57.5p/litre,,Pet
